2798 4836
658 397 699 463 31

206 579 312 647 omnic
343 602 424 670 quae
459 578 587 647 initium
616 575 773 659 habeant,
804 577 920 643 habere
941 601 1071 670 quoqne
1094 577 1142 643 fi-

206 720 301 777 nem:
335 694 494 767 secundae
535 710 640 785 partes
671 690 785 761 mnndi
807 717 870 760 esse
894 693 1139 785 corruptibileag

204 813 313 904 itaque
338 811 499 882 mundum
517 813 626 903 ipsum
654 807 772 879 debere
792 834 856 878 esse
880 811 1139 901 corruptibilem

204 931 294 997 tertia
305 959 320 1007 a,
344 930 480 1001 humore
508 928 670 1023 pauletim.
687 944 855 997 consumto
878 927 1037 995 mundum
1059 952 1141 996 con·

206 1046 372 1134 flagramus
402 1048 452 1117 iri.
496 1048 648 1114 Ceterum
677 1046 824 1112 interitus
866 1044 980 1113 muudi
1008 1069 1074 1112 non
1087 1044 1142 1111 ¹lit

204 1164 243 1231 in
261 1162 423 1247 nihilum,
450 1161 506 1230 sed
525 1163 568 1229 ita
587 1179 626 1231 ut
641 1160 794 1229 clemente
809 1162 926 1229 iterum
946 1160 1090 1230 recidant
1106 1163 1143 1228 iu

204 1286 306 1374 mar,
329 1289 515 1371 materiam,
543 1310 584 1357 ex
612 1309 675 1377 qua
697 1283 827 1353 formata
852 1301 953 1354 erant.

248 1407 350 1474 Porro
381 1403 522 1477 mundus
554 1418 602 1468 est
633 1399 767 1486 finitus,
805 1403 880 1492 qnia
913 1404 980 1492 ipsa
1015 1401 1143 1470 materia

205 1521 297 1588 finita
314 1539 382 1603 est,
410 1539 443 1587 et
471 1520 569 1587 habet
588 1516 725 1605 figuram
746 1518 937 1603 rotundam,
975 1543 1056 1610 quae
1077 1544 1140 1610 ap-

206 1638 319 1705 tissima
339 1654 385 1704 est
406 1636 448 1704 ad
471 1653 617 1718 motum,
640 1638 998 1723 utmonctDiogcnes
1014 1639 1139 1703 Laer-

208 1756 287 1847 tius
328 1754 390 1844 (¹),
432 1755 488 1846 qui
519 1754 617 1841 hujus
653 1755 825 1822 sententiae
857 1770 996 1820 auctores
1027 1753 1143 1851 caritot

208 1870 462 1939 Posidonium
496 1888 529 1938 et
555 1875 834 1963 Antipatrum.
893 1870 980 1938 Sunt
1010 1891 1142 1958 quoqne

208 2011 319 2055 omnes
350 2012 398 2071 res
428 1990 463 2081 in
494 1991 642 2056 continua
673 1989 867 2070 mutatione,
911 2002 948 2051 ut
984 1984 1148 2077 quidlibet

211 2106 322 2197 quovis
345 2106 493 2198 temporis
513 2124 637 2197 puncto
660 2104 745 2173 aliud
767 2106 809 2172 sit
824 2121 931 2196 atque
951 2120 1042 2170 antea
1058 2102 1142 2189 fuit3

212 2221 302 2315 quod
335 2224 376 2289 ab
407 2224 669 2315 Epicharmo
694 2226 867 2317 succeptum
885 2220 1038 2310 placitum
1059 2217 1147 2287 auxit

209 2339 503 2441 Chrysippus,
537 2358 634 2433 utque
665 2338 742 2407 inde
775 2339 984 2430 syllogismum
1011 2336 1146 2431 protulit

210 2460 365 2552 αὐξόμενον
390 2462 486 2554 λόγον.
538 2464 649 2555 Atque
670 2490 737 2532 non
757 2464 858 2533 solum
879 2491 897 2533 e
917 2490 949 2532 se
969 2468 1037 2558 ipsc
1058 2490 1145 2556 quo·

210 2581 257 2647 vis
278 2597 440 2649 momento
465 2605 610 2672 quaeque
632 2605 681 2647 res
704 2580 860 2665 discedit3
893 2580 948 2649 sed
970 2582 1034 2649 aliis
1053 2584 1146 2650 etiam
1204 2598 1210 2605 ’

209 2697 359 2763 omnibus
380 2696 533 2763 dissimilis
554 2715 624 2781 est,
651 2697 740 2790 quod
762 2698 917 2792 placitum
942 2700 1146 2767 Leihnit-

211 2812 299 2878 sius
321 2829 428 2903 postea
450 2814 605 2906 Principii
626 2814 915 2884 indiscernibilium
937 2819 1067 2885 nomine
1087 2841 1146 2887 ce·

212 2927 354 2997 lebravit
387 2929 499 2998 Stoicis
536 2930 599 2999 hoc
630 2930 746 2998 diserte
771 2934 920 2999 tribuunt
936 2937 1095 3002 Cicero
1115 2951 1148 3001 et

211 3046 381 3115 Seneca
411 3043 467 3135 (²).
517 3049 630 3114 Cicero
650 3048 685 3113 in
709 3049 945 3137 quaestionibus
973 3047 1145 3117 Academi-

211 3162 256 3229 cis
291 3161 332 3253 (³)
359 3181 467 3231 contra
491 3165 789 3232 Democritum
807 3182 840 3232 et
859 3164 1066 3235 Academicos
1085 3167 1148 3236 hoc

43 3274 49 3283 ’
150 3336 158 3355 ,
209 3303 250 3345 ex
286 3279 465 3347 Stoicorum
489 3283 643 3347 sententia
664 3299 807 3347 tuentem
836 3282 1068 3352 Lucullum
1088 3286 1146 3352 iu·

209 3393 320 3481 ducit3
348 3397 398 3463 cui
414 3397 482 3486 ipse
505 3414 635 3464 venuste
660 3396 835 3489 respondet
848 3397 913 3491 (⁴)e
937 3447 960 3485 „
972 3402 1034 3469 Die
1046 3401 1146 3488 mihi,

210 3513 429 3604 Lysippus
467 3512 579 3582 eodem
618 3539 709 3601 aere,
754 3513 864 3584 eudem
895 3519 1148 3609 temperatione,

202 3667 339 3686 ——uo

203 3737 209 3745 ⁶
244 3755 273 3822 (¹)
292 3761 346 3824 vn,
371 3760 391 3826 5
418 3760 478 3814 1to.
505 3758 686 3814 Cleanthes
711 3761 815 3815 censuit
831 3765 962 3818 muudum
979 3724 1072 3822 cahere
1089 3726 1148 3823 coni

206 3854 334 3920 formam,
352 3855 431 3908 ceteri
449 3856 527 3909 Stoici
546 3857 659 3911 sormam
673 3859 786 3925 sphaeri.
825 3863 853 3927 (Ἰ)
872 3864 972 3930 Ερ.93,
1010 3865 1142 3931 (³)11,18.

210 3950 239 4014 (⁴)
259 3966 282 4003 ε.
302 3953 345 4005 26.
