2756 4830
689 408 755 477 322

262 589 405 664 ferendas
432 592 585 684 patienter
610 594 839 679 smtiaeamua,
863 615 945 685 qaae
967 591 1043 661 fea-ai
1067 610 1208 687 neque·'

266 728 342 793 ant,
366 706 558 797 defugiendo
582 707 809 799 relinquamus.

289 828 534 919 =Epicurus,
567 842 727 895 senectute
758 828 827 913 jam
864 841 1057 916 provectas,
1090 826 1202 894 morbo

271 944 463 1031 stranguriae
492 940 660 1027 laboratae,
699 965 824 1032 quum,
858 956 896 1007 ut
927 942 963 1007 in
995 940 1129 1033 epistolis
1161 943 1203 1006 ait

274 1057 528 1142 Heamaahus,
565 1081 625 1151 per
656 1055 896 1147 quatuordecim
917 1054 985 1124 dies
1013 1058 1206 1145 gravissimos

275 1174 396 1247 delores
430 1175 588 1264 patienter
605 1171 748 1258 tulisset,
771 1170 923 1257 tandem,
945 1198 1048 1265 quum
1069 1175 1098 1240 ci
1116 1175 1206 1240 into-

275 1290 414 1360 lerabiles
435 1289 640 1375 siderentur,
662 1287 825 1357 doetrinae
842 1311 915 1356 suae
923 1291 1101 1383 praeceptis
1112 1291 1208 1357 obse·

277 1425 389 1492 cutus,
422 1406 540 1500 pelvim
564 1430 714 1491 aeneam,
747 1407 838 1498 aquis
868 1405 1040 1474 calentibus
1062 1405 1210 1498 plenam,

276 1528 452 1614 ingressus,
477 1539 555 1616 poto
575 1525 706 1616 insuper
724 1546 832 1606 mero,
853 1522 896 1589 ita
920 1520 1036 1590 defecit
1057 1520 1110 1611 (¹).

323 1641 550 1723 Lucretius,
572 1662 738 1727 germanus
759 1639 923 1729 Epicuri
942 1636 1130 1731 discipulus,
1153 1637 1213 1704 hac

280 1757 496 1850 increpatione
530 1755 652 1825 homini
685 1756 767 1822 vitae
798 1777 931 1821 munere
960 1753 1074 1821 functo
1113 1777 1214 1844 aequo

282 1874 387 1941 animo
417 1887 553 1940 mortem
595 1868 758 1941 serendam
796 1873 959 1963 vitamque
991 1868 1215 1963 deponendam

281 2013 345 2059 esse
366 2006 474 2057 monet
496 1986 570 2080 (¹)e

317 2112 453 2209 ouid'tini
470 2149 605 2211 tantopere
621 2141 672 2207 ist,
688 2140 826 2209 manalis,
845 2141 916 2210 quad
932 2140 1015 2196 nimis
1028 2140 1115 2211 aegris

319 2240 447 2295 Luctibus
464 2238 610 2306 indulges?
627 2237 693 2306 quid
710 2246 822 2292 mortem
839 2238 975 2307 congemis
991 2253 1022 2293 ae
1038 2239 1108 2294 dest

322 2342 389 2391 Nam
407 2335 430 2388 si
449 2342 523 2403 grata
539 2333 592 2386 luit
610 2332 658 2387 tibi
675 2333 729 2388 vita
746 2342 864 2388 anteacta
881 2333 1021 2404 priorque,

296 2468 299 2473 »
321 2437 353 2485 st
369 2446 423 2484 noa
440 2428 529 2483 omnia
546 2437 684 2498 pertusum
702 2437 827 2498 congesta
844 2430 921 2500 quasi
939 2428 967 2483 ia
984 2446 1031 2486 aas

321 2526 464 2582 Commoda
480 2522 624 2595 perduxere
641 2532 721 2593 atquc
738 2523 842 2593 ingrata
860 2524 1000 2593 interiere,

294 2656 296 2663 =
323 2627 375 2679 Gur
392 2639 466 2688 non,
484 2629 515 2675 ut
531 2612 627 2691 plenus
644 2620 855 2688 vitassemus,
873 2621 989 2688 recedis,
1084 2620 1088 2629 ’

324 2722 416 2787 Aequo
431 2714 573 2785 animoque
589 2715 661 2787 capis
679 2732 816 2784 securam,
835 2719 932 2785 stulta,
948 2717 1085 2787 quietem?

326 2815 371 2869 sin
389 2829 436 2880 ea,
454 2829 520 2883 qaae
537 2814 641 2867 fructus
657 2829 771 2883 cumque
788 2829 837 2879 es,
856 2814 957 2885 periere
973 2817 1102 2885 perfusa,

326 2912 439 2981 Vitaqae
455 2909 484 2963 ia
501 2909 605 2964 offensu
622 2908 674 2976 ἐι,
692 2925 739 2964 cur
756 2908 871 2978 amplius
888 2910 984 2965 addere
1000 2910 1105 2980 quaeris

327 3013 445 3063 Rursum
462 3005 534 3074 quod
550 3012 640 3074 pereat
657 3006 725 3058 male
742 3013 768 3060 et
786 3003 921 3073 ingratum
939 3006 1040 3062 occidat
1060 3022 1160 3074 omne,

326 3110 381 3161 Nec
396 3102 486 3174 patius
502 3101 571 3158 vitae
588 3101 669 3156 finem
685 3101 752 3157 facis
769 3110 848 3170 atque
864 3100 986 3157 laboris?

296 3241 464 3330 Quantum
484 3239 592 3306 mortis
616 3236 667 3305 ille
691 3254 792 3305 metas
810 3238 890 3308 vitae
915 3234 1053 3306 taedium
1073 3239 1158 3324 alat,
1188 3254 1226 3306 ut

298 3379 390 3448 saepe
425 3353 503 3422 adeo
536 3354 660 3422 suicidii
690 3378 795 3422 caussa
824 3355 968 3440 exsistat,
1002 3357 1106 3448 ipsum
1137 3355 1227 3425 hane

300 3491 421 3545 metum
441 3474 675 3566 perstringens,
699 3473 807 3566 paucis
827 3471 877 3542 his
895 3473 1037 3542 versibus
1054 3471 1148 3543 docet
1170 3473 1226 3565 (ἦε

333 3631 366 3682 Et
382 3642 461 3700 saepe
477 3626 662 3697 usqueadeo,
680 3624 775 3680 mortis
790 3625 933 3682 formidine
942 3667 951 3695 ,
968 3626 1038 3683 vitae
1152 3636 1158 3643 “

296 3798 430 3814 m

338 3881 366 3950 (¹)
383 3887 416 3937 tt.
433 3885 464 3938 L.
479 3882 611 3951 Mle.
625 3881 666 3941 Cf.
687 3881 755 3939 Gie.
774 3882 807 3936 de
823 3887 947 3949 Fata,c.
968 3887 995 3939 9.
1032 3884 1061 3953 (²)
1079 3887 1162 3951 111‚v.
1180 3876 1232 3938 ste

302 3994 362 4049 sqq.
381 3978 431 4035 Cir.
448 3996 475 4036 v.
493 3976 545 4034 ott
563 3996 642 4050 sqq„
659 3981 798 4049 968sqq.‚
811 3982 879 4033 11⁰⁰
890 3996 949 4050 sqq.
986 3981 1015 4049 (ὅ)
1033 3986 1078 4048 111,
1089 3997 1116 4038 v.
1127 3983 1162 4037 ’19
1173 3997 1231 4051 sqq.
