2712 4842
613 443 678 509 257

166 619 324 715 petendae
351 648 457 714 neque
479 624 666 718 fugiendae,
701 629 783 694 bona
805 628 976 718 praesentia
1002 626 1102 692 relin-

165 764 265 830 quere
297 739 411 825 liceat3
450 742 668 831 insipientibus
691 769 764 811 vcro
785 745 884 824 mala,
905 758 1019 835 nernpe
1046 745 1100 808 in-

163 855 295 921 feliciter
317 858 428 940 virere,
452 883 517 924 non
540 859 647 941 malis,
671 859 785 927 scilicet
808 885 874 926 uon
896 862 1020 941 vivere,
1045 862 1096 926 vi·
1169 870 1172 879 ’

165 970 301 1038 deantur
334 975 455 1065 potiora
477 972 541 1064 (ῆς
567 1001 583 1040 a
609 976 728 1042 ratione
750 975 885 1041 alienum
905 1000 967 1041 esse
990 973 1100 1043 cedere

163 1113 181 1153 e
206 1091 287 1171 vita,
310 1091 334 1155 si
359 1091 411 1157 cui
435 1090 515 1156 nihil
542 1090 628 1157 adest
648 1091 740 1173 mali3
765 1091 1015 1169 alieniusetiam,
1039 1093 1097 1158 ali-

163 1229 261 1294 quem
289 1202 447 1272 dimittere
469 1199 614 1290 bonum,
638 1224 805 1299 propterea
833 1206 922 1298 quod
946 1234 1012 1274 non
1034 1233 1098 1297 po·

162 1320 257 1384 tiatur
289 1320 562 1405 indifferentibus,
596 1322 684 1414 quod
719 1347 769 1390 eos
798 1324 899 1392 facere
920 1325 978 1413 qui
999 1349 1095 1414 prae-

160 1453 282 1501 sentem
296 1436 477 1504 felicitatem
498 1455 595 1529 etque
624 1440 768 1506 virtutem
794 1441 985 1529 projiciant,
1010 1440 1098 1528 quod
1119 1462 1120 1469 ¹

160 1553 288 1618 sanitate
322 1570 375 1618 aut
400 1553 613 1621 incolumitate
645 1572 770 1621 careant
793 1555 849 1642 (ᾖ).
895 1558 978 1624 Huic
1003 1557 1097 1622 Plu-

159 1667 292 1735 tarchi
326 1672 581 1756 argumentationi
617 1695 654 1736 ex
699 1674 765 1760 ipsu
812 1672 915 1738 Stoica
953 1670 1098 1739 doctrina

159 1783 238 1851 haec
259 1788 354 1872 objici
374 1811 462 1878 posse
486 1786 657 1857 videntur:
685 1790 858 1880 sapientem
882 1813 948 1855 non
973 1792 1015 1855 ob
1033 1789 1095 1852 de·

157 1899 278 1967 sectum
315 1906 358 1967 rei
384 1903 589 1970 indifferentis
613 1906 793 1969 beatitatem
815 1904 1017 1994 relinquere,
1039 1903 1095 1970 sed

158 2020 263 2106 potius
298 2036 396 2085 morte
431 2044 539 2086 cavere
577 2044 616 2085 ne
647 2020 724 2086 haec
761 2022 888 2085 beatitas
920 2038 1015 2112 atque
1040 2046 1094 2085 sua

157 2135 254 2223 ipsius
291 2136 386 2200 virtus
424 2135 641 2226 periclitetur3
678 2135 751 2202 lIcet
786 2138 870 2203 enim
905 2138 971 2229 ipsa
996 2140 1095 2202 virtus

157 2250 249 2316 nullis
282 2254 374 2316 rebus
396 2254 531 2317 externis
556 2232 688 2340 sapienti
709 2251 805 2318 adimi
829 2255 943 2344 possit,
965 2253 1093 2320 facultas

154 2384 261 2432 tamen
288 2368 400 2454 agendi
428 2367 603 2456 secuudum
640 2370 789 2438 virtutem
825 2372 960 2435 externis
982 2371 1091 2461 impe-

154 2482 302 2550 dimentis
333 2486 373 2549 ita
411 2487 548 2551 coerceri
581 2503 707 2575 potest,
743 2503 780 2551 ut
817 2511 883 2552 nou
906 2489 965 2551 nisi
989 2487 1090 2552 inanis

155 2602 276 2666 virtutis
299 2603 416 2690 species
435 2600 652 2692 relinquaturg
679 2601 767 2690 quod
787 2604 930 2668 universe
951 2601 1085 2694 daphi-

152 2716 291 2807 losophis
313 2720 358 2782 ait
381 2717 570 2784 Clemens
596 2716 899 2784 Alexandrinus
935 2715 997 2806 (³),
1031 2743 1088 2786 nos

152 2857 226 2900 vero
260 2836 380 2926 optimo
414 2837 488 2922 jure
521 2832 561 2900 de
596 2834 708 2903 Stoicis
743 2837 818 2899 item
841 2831 1084 2902 contendimus:

147 2958 263 3024 Αὐτίκα
302 2959 415 3048 edloyor
445 2955 595 3047 ἐξαγωγὴν
620 2965 661 3047 τῷ
691 2956 855 3048 ’σπουδαίῳ
887 2966 1087 3050 συγχωροῦσιν

148 3087 178 3151 εἴ
202 3111 243 3159 τις
273 3090 321 3150 τοῦ
351 3090 491 3174 πράσσειν
518 3088 589 3150 οὕτω
616 3090 762 3175 rupicosa
793 3085 902 3172 αὐτόν,
931 3085 968 3159 ὡς
983 3087 1083 3172 μηκέτι

149 3210 352 3302 ἀπολελεῖφθαι
378 3210 457 3299 αὐτῷ
484 3200 562 3298 μηδὲ
588 3206 695 3275 ἐλπίδα
726 3220 776 3284 τῆς
804 3207 946 3299 πράξεως.
993 3212 1083 3280 Plu-

147 3328 285 3397 tarchi
320 3330 413 3396 verba
454 3352 533 3416 quae
567 3329 730 3395 novissime
763 3327 925 3396 retulimus
950 3347 1083 3397 nonest

184 3584 213 3650 (¹)
232 3589 268 3636 De
286 3589 352 3652 ch.
373 3582 451 3636 Stoic.
470 3598 496 3649 p.
517 3583 594 3646 1or2,
614 3581 640 3632 in
660 3581 753 3649 primis
771 3588 801 3644 B,
819 3589 850 3637 D.
870 3584 910 3637 Cf.
930 3585 988 3638 adr.
1000 3585 1077 3640 Stoie.

145 3697 174 3750 p.
193 3684 261 3733 1060
279 3684 306 3734 c,
345 3681 372 3746 (ι)
392 3680 457 3733 udv.
478 3679 556 3732 snio.
575 3695 602 3746 p.
622 3681 689 3729 tous
707 3684 735 3731 u.
774 3678 800 3744 (³)
822 3684 915 3732 sirum.
935 3673 1014 3748 erp.
1030 3685 1080 3734 ero

145 3788 188 3842 etl,
206 3792 291 3842 rost.
311 3785 436 3840 Similiter
453 3791 489 3840 M.
508 3791 582 3839 Ant.
601 3788 667 3847 vtll,
687 3785 705 3849 ὅ
723 3785 774 3836 lt7:
793 3762 837 3840 Ml
860 3782 953 3838 λυποῦ,
976 3785 1004 3838 oti
1024 3784 1077 3859 γὰρ

144 3893 218 3966 παρά
250 3913 279 3948 σε
307 3893 324 3953 ἦ
347 3892 422 3946 αἰτία
441 3894 487 3945 τοῦ
507 3890 541 3965 μὴ
564 3889 733 3963 ἐνεργεῖσθαι.
756 3887 825 3943 ἀλλὰ
846 3891 892 3944 οὐκ
913 3888 986 3958 ἄξιον
1009 3896 1075 3971 ζῇν,

142 4002 178 4074 μὴ
201 4001 383 4074 ἑνεργσιμένσυ
402 4000 505 4053 τούτου.

928 4046 1024 4164 171
