2756 4830
693 458 761 528 stt

256 661 328 724 gam
346 639 404 706 tibi
424 641 668 711 consciscentem
682 644 787 733 priore
802 642 1009 732 turpiorem?
1030 644 1112 711 Nam
1125 644 1196 714 hos·

258 757 343 822 tibus
365 759 433 844 jam
457 775 619 825 cesserunt
638 760 729 826 nobis
751 761 843 826 etiam
865 761 1124 852 praestantiores,
1146 761 1196 829 vel

257 869 383 939 fortuna
415 872 541 942 duriore
574 874 771 961 conflictati,
806 875 857 946 vel
887 875 1026 944 hostium
1060 903 1195 945 numero

258 991 424 1080 oppressi3
460 993 517 1082 qui
545 1014 620 1061 vero
647 992 807 1061 laboribus
832 1010 865 1060 et
882 996 1062 1078 aerumnis,
1096 1018 1195 1088 prae-

259 1104 357 1173 coniis
378 1122 410 1173 et
432 1109 593 1198 vituperiis
614 1109 782 1177 hominum
799 1108 940 1195 fatiscit,
962 1112 989 1177 is
1008 1113 1198 1204 asnaipsius

259 1222 380 1310 ignavia
400 1242 582 1316 superaturg
597 1242 722 1316 oportet
735 1228 820 1294 enim
840 1244 974 1294 mortem
990 1245 1197 1320 spontaneam

259 1363 327 1406 non
360 1339 466 1428 fugam
498 1365 561 1409 esse
592 1344 774 1426 actionum,
805 1342 860 1410 sed
895 1344 1069 1427 actionem,
1093 1369 1196 1435 quum

261 1471 355 1548 turpe
381 1459 421 1523 sit
441 1458 501 1524 sibi
521 1458 575 1525 soli
602 1459 651 1528 vel
674 1461 777 1528 vivere
794 1458 842 1528 vel
863 1462 965 1543 mori,
987 1459 1028 1527 ad
1050 1461 1140 1552 quod
1161 1478 1196 1533 tu

262 1596 351 1640 nunc
380 1597 436 1640 nos
463 1597 592 1659 evocas,
624 1575 702 1667 qui,
725 1574 807 1642 nihil
829 1575 914 1643 aliud
936 1578 1001 1643 sive
1023 1577 1198 1669 pulchrum

261 1668 324 1757 sive
346 1689 421 1757 utilc
443 1707 689 1773 consecuturus,
718 1694 874 1781 praesenti
897 1692 1069 1760 calamitate
1090 1710 1194 1759 teex-

264 1804 377 1895 pedire
400 1830 575 1900 properas3
609 1832 667 1896 ego
685 1832 759 1876 tero
777 1825 809 1874 et
830 1809 889 1875 tibi
909 1826 941 1875 et
960 1792 1198 1875 mihidesercre

262 1924 417 2016 patriam,
451 1926 541 2014 cujus
564 1949 633 2017 spes
660 1926 694 1991 in
717 1926 808 1992 nobis
833 1926 935 1993 omnis
957 1926 1013 1991 sita
1038 1942 1106 2007 est,
1129 1949 1197 1992 non

263 2040 374 2109 decere
397 2044 562 2127 existim03
597 2044 654 2108 ubi
676 2066 751 2109 vcro
771 2065 829 2134 spe
851 2043 911 2133 ipsi
930 2040 1071 2109 destituti
1091 2065 1198 2108 sumus

263 2158 409 2237 facillime
441 2160 520 2227 mori
547 2161 662 2240 nobis,
696 2156 956 2249 quandocunque
988 2157 1196 2235 voluerimus,

265 2275 373 2343 licebit
404 2273 483 2367 (¹)'’.
530 2276 602 2343 Hoc
632 2275 856 2343 Cleomenis
892 2273 1019 2342 consilio
1043 2274 1193 2340 There·

267 2416 431 2484 cyonem
461 2418 479 2459 a
505 2392 670 2485 proposito
703 2416 772 2460 non
804 2391 989 2458 deterritum
1014 2391 1107 2458 fnisse
1133 2415 1198 2458 no-

267 2512 390 2592 vimus,
424 2511 482 2601 qui
513 2508 701 2602 simulatque
733 2533 751 2577 c
782 2508 1001 2577 Cleomenis
1026 2524 1201 2600 conspectu

267 2643 436 2696 recesserat
455 2624 495 2692 ad
516 2625 623 2710 littus,
645 2625 765 2692 serrum
783 2627 905 2718 pectori
925 2625 1052 2707 infixit,
1074 2624 1128 2691 sed
1150 2621 1200 2693 vel

267 2745 312 2811 sie
335 2760 439 2810 tamen
464 2744 595 2830 insignia
620 2760 696 2810 sunt
713 2743 793 2810 haec
813 2745 906 2811 verba
924 2744 1003 2828 regis
1022 2743 1199 2834 Spartano·

269 2886 366 2945 rum,
400 2861 456 2950 qui
483 2883 545 2953 pro
580 2860 681 2952 patria
711 2861 814 2927 omnia
834 2859 902 2928 vilia
924 2883 987 2925 esse
1007 2857 1121 2925 dehere
1140 2857 1202 2924 sibi

267 3001 452 3074 persuasum
487 2975 634 3043 ⁴habebat
664 2973 718 3068 (²).
763 2978 811 3043 De
845 2977 941 3068 ipsius
974 2975 1201 3044 Cleomenis

266 3162 384 3180 m

304 3235 333 3305 (¹)
352 3237 439 3291 Plut.
458 3234 487 3287 in
503 3232 565 3290 vitis
582 3232 678 3302 agia.
695 3236 723 3286 et
740 3233 866 3289 Cleom.
884 3249 911 3303 p.
931 3235 983 3287 819
1000 3237 1030 3299 Ε,
1047 3236 1079 3299 F,
1097 3235 1149 3286 820
1166 3234 1201 3288 A.

265 3331 433 3390 Contrarium
456 3330 518 3385 huic
541 3329 682 3384 consilium
710 3334 848 3395 Perseo,
867 3330 1041 3383 Macedonum
1058 3327 1131 3397 regi,
1150 3329 1202 3381 de·

267 3428 385 3501 precanti
402 3445 436 3482 ne
454 3427 481 3480 in
498 3426 632 3495 triumpho
650 3426 803 3490 duceretur,
822 3424 896 3478 dedit
913 3430 1092 3479 Romanorum
1109 3424 1203 3478 consul

268 3528 409 3582 Paullus
438 3522 623 3589 Aemilius,
648 3529 679 3574 ut
696 3522 771 3575 docet
788 3520 921 3584 Cicero,
940 3527 1019 3576 Tusa.
1039 3526 1071 3587 V,
1090 3523 1134 3577 to.
1171 3521 1200 3587 (²)

267 3629 334 3679 Cum
356 3624 405 3676 hoc
428 3617 621 3677 Cleomenis
654 3633 779 3686 responso
803 3616 917 3671 conferri
934 3625 1048 3687 possunt
1068 3634 1113 3683 ea,
1133 3633 1201 3686 quae

268 3723 301 3774 de
318 3716 531 3773 Lacedaemoniis
545 3714 780 3768 Archidamum
797 3713 895 3767 dixisse
914 3714 991 3782 fingit
1010 3720 1200 3778 Isocrates,

266 3834 343 3881 Tom.
372 3829 405 3886 ΙΙ,
423 3841 451 3894 p.
469 3825 503 3877 ts
520 3822 562 3876 cd.
581 3827 681 3875 Buttz
701 3815 923 3894 Αακεδᾳιμονίους
941 3812 1018 3893 ὃόὺχ
1030 3813 1085 3874 οἶόν
1104 3812 1127 3874 τ’
1142 3818 1199 3883 ieie

266 3932 295 3995 ἐκ
316 3926 411 4007 παντὸς
431 3926 528 4002 τρόπον
549 3930 635 3991 ζητεῖν
657 3925 705 3984 τὴν
722 3927 864 3998 σωτηρίαν.
891 3919 961 3980 'Ali'
983 3921 1017 3980 ἄν
1037 3925 1074 4000 μὴ
1098 3921 1114 4003 ᾗ
1136 3923 1201 4000 πρὸς

263 4048 301 4115 τῷ
330 4037 401 4112 sulp
435 4036 582 4101 σώζεσθαι,
615 4033 726 4088 θάνατον
748 4033 812 4107 ἡμῖν
834 4032 956 4108 αἱρετέονι
969 4034 1021 4100 tat.
1064 4040 1126 4098 Τοῖς
1145 4035 1208 4112 γὰρ,
