2798 4836
654 422 695 486 29

204 606 281 671 natal
305 609 514 698 σπερματικοὺς
539 611 664 700 λόγους,
705 615 886 682 ἀποτελοῦσα
915 641 945 683 τε
969 620 1019 684 καί
1048 582 1136 689 συυέ-

205 757 300 819 χουσα
326 736 364 798 τὰ
389 731 421 812 ἐξ
447 735 533 811 αὐτῆς
558 737 587 801 ἔυ
613 739 779 829 ὡρισμένοις
800 745 930 832 χρόνοις,
958 744 1007 808 καὶ
1022 755 1139 815 τοιαῦτα

158 882 162 893 ’
205 854 307 947 όρὼσα
332 850 379 948 ἀφ’
408 850 474 924 οἵωυ
498 862 639 963 ἀπεκρίθη
671 860 724 954 (¹).
770 864 857 931 Alibi
881 866 922 957 (²)
955 869 1032 937 haec
1056 897 1139 964 pro.

204 986 293 1052 ditur
318 970 484 1054 delinitio:
514 993 572 1077 πῦρ
598 993 749 1076 τεχυικόυ,
777 987 837 1078 όόῷ
864 989 991 1076 βαδίζον
1019 997 1058 1072 εἷς
1084 1000 1140 1086 γε’-

205 1135 296 1198 υεσιυ,
340 1128 435 1201 atquc
466 1109 545 1177 illud
579 1119 637 1199 πῦρ
677 1115 809 1201 τεχυικόυ
849 1117 890 1180 ita
923 1111 1098 1179 declaratur
1123 1139 1141 1180 a

206 1245 379 1329 Diogene
403 1245 580 1310 Laertio:
612 1246 682 1331 ὅπερ
708 1241 753 1315 ἐςι
782 1222 901 1324 πνεῦμα
919 1235 1068 1327 πυροειδὲς
1090 1237 1140 1302 καὶ

205 1365 392 1454 τεχυοειόές;
431 1366 485 1432 sed
521 1392 586 1433 non
615 1370 686 1433 satis
722 1383 863 1447 constat,
897 1384 949 1432 aut
972 1385 1056 1435 certe
1079 1367 1138 1433 ali-

205 1493 285 1584 quid
319 1496 516 1561 obscuritatis
549 1495 668 1576 habet,
714 1496 845 1585 quinam
870 1469 942 1561 ¹sint
980 1495 1023 1560 illi
1061 1492 1139 1581 λόγοι

206 1620 408 1708 σπερματικοί.
462 1614 561 1711 Apud
590 1620 638 1685 M.
665 1617 916 1684 Antoninum
942 1612 1006 1703 (³),
1044 1616 1141 1682 homo

206 1744 341 1810 moriens
376 1741 493 1808 dicitur
527 1743 643 1832 suscipi
681 1768 697 1805 a
736 1740 814 1830 λόγῳ
851 1765 907 1806 suo
934 1747 1139 1831 σπερρατικῷ,

206 1858 295 1950 quod
330 1858 555 1926 Gatalterus
579 1859 693 1948 accipit
718 1882 779 1946 pro
800 1861 866 1924 Deo
889 1859 970 1946 ipso.
1017 1859 1140 1924 Meri-

207 2000 273 2042 cus
311 1977 570 2041 Casaubonus
596 1973 636 2041 ad
669 1999 742 2040 eum
765 1974 870 2042 locum
897 1974 1037 2041 multum
1062 1975 1141 2066 qui·

206 2091 280 2157 dem
299 2109 425 2174 movet,
446 2090 500 2157 sed
521 2117 636 2180 parum
658 2107 841 2184 promovet3
875 2109 1032 2187 praeteeea
1051 2093 1085 2156 iu
1105 2115 1143 2157 en

209 2215 352 2299 fallitur,
385 2215 473 2309 quod
500 2215 599 2306 λόγους
620 2219 692 2285 istos
712 2216 825 2284 similes
845 2241 908 2283 esse
932 2218 975 2282 ait
993 2217 1140 2284 Platoni·

207 2333 250 2399 cis
277 2330 376 2414 ideis3
402 2358 476 2398 nam
499 2333 576 2416 hae,
600 2358 762 2415 prorsusa
793 2358 940 2424 corporea
959 2350 1068 2399 natura
1084 2358 1140 2399 se·

206 2466 324 2531 motae,
355 2449 497 2541 exempla
529 2467 604 2517 suut
636 2475 744 2518 rerum
776 2450 1013 2541 spectabiliume
1051 2451 1139 2517 Stoi·
1172 2508 1174 2513 ι

207 2603 316 2647 corum
335 2604 409 2647 vero
429 2579 508 2666 λόγοι
535 2575 723 2667 σπερρατικοὶ
744 2577 785 2668 (⁸)
809 2581 842 2644 in
873 2601 1020 2670 corporea
1031 2595 1142 2644 natum

205 2696 298 2784 positi
317 2712 414 2776 suut,
442 2710 583 2784 suntque
619 2692 700 2781 leges
731 2696 793 2784 ipsi
827 2697 969 2760 materiae
999 2693 1139 2789 inditae,

204 2810 379 2879 secundum
413 2838 489 2905 quas
522 2829 631 2879 natura
662 2813 697 2877 in
731 2835 838 2878 rerum
869 2813 1086 2902 procreatione
1107 2828 1140 2878 et

204 2927 416 2997 destructione
432 2933 512 3017 agit:
537 2955 611 2996 cum
630 2955 693 3019 qua
714 2928 919 3019 explicatione
946 2930 1140 2995 conveniunt

205 3046 358 3113 Seneca
380 3044 443 3137 (ὅ),
469 3046 609 3113 laudatus
638 3046 926 3128 aCasauhouo‚
962 3060 993 3109 et
1023 3046 1138 3111 Cice-

198 3207 327 3220 Β*

240 3226 315 3322 (γυ.
336 3262 366 3312 J..
385 3258 555 3324 unqua.
593 3257 620 3324 υ)
641 3259 659 3324 ς
678 3259 737 3310 tao.
776 3255 803 3320 υ)
823 3259 865 3317 tv,
885 3255 958 3320 §tt
996 3254 1024 3320 (γ
1044 3256 1139 3310 sulm.

205 3366 238 3418 ad
256 3366 359 3435 Epict.
379 3377 404 3421 et
423 3370 546 3438 simpl„
564 3387 591 3439 p.
605 3372 649 3434 89,
660 3358 833 3437 σπερματικόν
860 3359 937 3436 λόγον
956 3363 1140 3432 asscpcrhibot

205 3467 315 3544 δύναμιν
337 3477 525 3547 σπερματικόν.
551 3465 581 3528 ‘0
601 3474 687 3549 ἀρχῆς
711 3469 786 3545 λόγος
808 3477 911 3531 videtur
926 3478 995 3530 idem
1004 3475 1140 3543 essequod
1170 3523 1174 3528 .

205 3575 219 3631 ὃ
244 3554 416 3655 σπιργιοιτικός
439 3583 525 3657 λόγος.
568 3583 832 3645 metamaucus,
859 3585 928 3647 Syst.
955 3580 1001 3632 der
1028 3580 1138 3634 Stot'sch.

203 3689 271 3745 Phil.
281 3697 313 3757 11,
328 3697 353 3747 S.
363 3696 406 3747 ta:
418 3688 589 3765 σπερματικοὶ
603 3686 676 3761 λόγοι
694 3690 783 3743 wiirda
800 3689 841 3742 ich
859 3689 941 3741 durch
958 3693 1140 3757 Noturqesetze
1182 3696 1187 3709 ¹

202 3787 373 3853 ubersetzcm
392 3789 419 3842 in
438 3792 517 3843 altero
535 3805 594 3844 vero
613 3803 662 3840 suo
680 3802 773 3854 opere,
791 3785 864 3839 Geist
882 3787 927 3839 der
945 3802 1014 3854 spec.
1026 3785 1092 3840 Phil.
1105 3791 1138 3850 u,

203 3899 230 3947 S.
248 3897 309 3960 tta,
329 3890 422 3967 λόγους
440 3893 628 3970 σπερματικοὺς
650 3905 724 3951 vocat
750 3898 1001 3964 Bildunpspasetzeo.
1055 3892 1082 3958 (5)
1101 3895 1139 3963 Ιλθ

203 3996 428 4060 QMMQ
