2756 4830
592 543 594 547 y
624 460 687 536 311

264 649 335 712 Ἀλλ’
355 646 439 730 ἀνέβα
457 655 545 730 χεῖλος
562 648 620 711 ποτ’
642 653 752 719 ὀδόντας
769 653 891 731 ἐρείσας,

268 764 321 820 Καὶ
340 760 370 819 τὸ
388 767 491 838 πνεῦμα
511 759 657 818 συνθακῶν.
678 758 711 823 ἦν
730 761 782 839 γὰρ
804 763 919 826 ἀλαθέως

265 872 387 944 Διογένης
406 867 488 934 Ζανὸς
505 867 600 942 γόνος,
622 869 741 944 οὐράνιός
759 890 789 927 το
807 872 874 925 κύων
895 873 935 941 (1).

229 970 416 1040 Aelianus
438 967 480 1059 (²)
506 994 578 1036 euru
602 969 643 1036 de
666 995 762 1060 parvo
774 970 911 1061 quodam
923 984 1023 1063 ponte
1035 995 1117 1062 pro·

185 1109 226 1177 pe
245 1087 440 1178 gymnasium
463 1108 496 1151 se
520 1083 664 1174 dejicisse
685 1103 814 1171 narrat3
842 1087 911 1173 alii,
940 1105 978 1155 ut
995 1090 1118 1156 Laer-

185 1202 264 1268 tius
290 1200 357 1288 (³),
379 1225 451 1267 eum
472 1203 556 1269 canis
585 1225 714 1286 morsu,
738 1204 787 1270 alii
806 1228 939 1289 rursus,
978 1229 1040 1298 pro
1063 1230 1119 1271 sua

185 1319 323 1408 quisque
359 1319 533 1400 sententia,
567 1342 641 1384 eum
679 1318 825 1386 naturalis
851 1319 991 1411 quodam
1011 1323 1121 1389 mortis

184 1458 296 1522 genere
318 1436 448 1526 periisse
471 1432 601 1500 tradunt
619 1434 673 1525 ().

229 1553 327 1618 Ferax
346 1553 408 1617 suit
432 1551 510 1619 haec
533 1569 615 1619 secta
640 1551 790 1644 exemplis
812 1576 921 1620 eorum
943 1555 999 1646 qui
1010 1576 1119 1622 manus

185 1671 245 1735 sibi
265 1667 466 1750 intulerunt3
492 1662 708 1735 Metrocles
729 1670 830 1749 euim,
855 1670 912 1758 qui
928 1672 996 1758 jam
1018 1687 1119 1756 antea,

189 1809 292 1877 quum
315 1784 646 1872 Theophrastum
671 1782 777 1853 adhuc
800 1782 943 1869 audiret,
967 1810 1043 1878 prae
1054 1785 1120 1854 do·

185 1901 250 1969 lore
269 1902 363 1967 animi
377 1898 471 1977 ,domi
493 1923 524 1965 se
542 1898 709 1966 incluserat
731 1912 883 1990 tanquam
905 1925 963 1989 per
981 1901 1119 1969 inediam

186 2041 204 2084 e
235 2020 296 2086 vita
326 2040 531 2098 excessurus,
567 2014 683 2082 deiude
703 2041 776 2083 vero
801 2019 992 2096 Cratetis,
1031 2022 1121 2107 cujus

187 2132 363 2228 discipulus
381 2133 530 2224 deinceps
549 2133 661 2212 evasit,
684 2131 795 2198 solatiis
815 2135 854 2198 ah
876 2133 938 2200 hoc
956 2137 1119 2223 proposito

188 2251 370 2335 destiterat,
406 2252 483 2316 obiit
515 2272 608 2315 senex
643 2276 660 2314 a
688 2273 720 2314 se
763 2251 833 2339 ipso
869 2250 1035 2318 suffocatus
1066 2250 1120 2342 (ὅ).
1165 2232 1169 2240 „

188 2369 429 2456 Menippus,
444 2390 563 2456 quum,
576 2363 696 2432 insidiis
710 2367 958 2451 circumventus,
974 2368 1122 2434 omnibus

188 2487 280 2553 honis
319 2484 457 2575 privatus
490 2499 591 2565 esset,
625 2499 703 2574 prae
738 2492 878 2550 moerore
916 2483 1029 2574 laqueo
1061 2485 1121 2551 sihi

187 2604 284 2669 vitam
306 2601 459 2684 extorsit3
494 2599 529 2664 iu
562 2622 658 2690 quem
686 2599 748 2666 hoc
772 2601 908 2665 carmine
930 2598 1004 2665 lusit
1026 2601 1120 2668 Dio·
1210 2657 1212 2663 .

187 2742 306 2806 genes
337 2718 526 2784 Laertius
553 2710 615 2804 (⁶)=

181 2842 314 2928 Ἦ
331 2866 361 2915 u.
388 2864 431 2924 vr,
449 2862 468 2928 c
485 2860 529 2923 rs,
547 2860 591 2912 rr.
628 2858 656 2923 (γ
675 2856 804 2947 aelian.
821 2862 853 2913 v.
872 2863 906 2913 a.
924 2856 990 2924 vm,
1010 2856 1053 2913 ta
1090 2859 1118 2927 (γ

188 2958 402 3025 Ὴῶπῃν

270 3060 386 3135 Διόγενες
406 3056 479 3134 ἄγε,
502 3057 583 3132 λέγε,
604 3058 644 3119 τίς
663 3052 743 3130 ἔλαβέ
763 3076 791 3111 σε
810 3055 889 3130 μόρος

268 3170 314 3232 Εἰς
332 3165 426 3239 didon
447 3165 526 3240 ἔλαβέ
545 3187 576 3239 με
596 3161 669 3226 κυνὸς
688 3159 779 3238 ἄγριον
799 3161 877 3228 ὀδάξ.

189 3278 229 3332 Cf.
254 3274 379 3329 Suidus
396 3274 425 3327 in
441 3274 549 3329 vocibus
573 3268 622 3346 ἄγε
642 3270 713 3332 δῆτα
739 3281 765 3327 et
791 3273 923 3345 Διογένης.
961 3270 1057 3340 (1)Ωοί
1087 3272 1120 3325 de

188 3382 306 3427 veterum
324 3371 447 3424 dissensu
465 3373 540 3441 plura
557 3373 645 3440 legere
662 3371 767 3440 cupiat,
782 3371 858 3424 adeat
874 3367 1050 3423 Laertium
1065 3368 1084 3422 l.
1099 3369 1119 3423 1.

189 3477 216 3522 et
236 3485 303 3536 quos
322 3467 404 3522 citant
430 3466 712 3520 Aldchrandinus
737 3474 763 3520 et
783 3467 966 3534 Meuagius
990 3466 1023 3518 ad
1048 3465 1075 3518 h.
1099 3466 1121 3522 l.

189 3566 229 3620 cf.
254 3565 334 3618 etiam
355 3565 563 3629 Bruckerus,
589 3562 657 3616 Hist.
682 3561 749 3617 Phil.
774 3558 836 3617 crit.
856 3567 930 3615 Tum.
949 3562 970 3627 1,
989 3565 1018 3614 P.
1037 3563 1069 3625 11,
1088 3564 1119 3614 L.

188 3667 222 3725 u,
241 3678 264 3717 a.
284 3667 349 3727 v111,
369 3665 387 3730 p
406 3665 431 3725 ο,
450 3677 477 3730 1».
496 3660 548 3712 esa
561 3674 601 3726 sq.
638 3658 666 3725 ο)
685 3663 716 3712 u.
728 3661 814 3724 uvi,
830 3659 904 3725 §ea
929 3656 956 3724 (γ
976 3659 1119 3724 victos.

190 3764 300 3813 Secutus
318 3775 378 3811 sum
396 3753 572 3820 salmasii,
592 3755 624 3807 de
642 3755 718 3807 modo
737 3770 811 3808 usur.
831 3770 859 3822 p.
876 3750 919 3817 63,
938 3754 1120 3820 LugdBat.

191 3857 269 3921 1639,
298 3864 324 3908 et
348 3852 496 3922 Meuagii
524 3852 604 3920 huJ'us
632 3849 756 3904 carminis
782 3849 919 3903 lectionem
945 3864 1124 3916 versuumque

192 3960 415 4016 distributionem.
458 3957 567 4028 Scripsit
593 3958 696 4013 Varro
721 3961 836 4023 satyrum
865 3954 908 4010 eui
927 3955 1022 4012 titulus
1053 3954 1120 4032 raph

191 4068 340 4126 Μενίππου.
