2712 4842
684 428 749 496 286

245 609 342 692 „vim
364 611 487 700 tyranni
508 613 626 698 justam
648 615 781 701 sapienti
802 635 819 677 e
843 612 903 677 vita
923 607 1093 678 recedendi
1113 612 1176 676 esse

244 729 418 810 caussam'',
439 726 479 792 ad
499 731 606 794 mortis
629 729 689 794 sibi
704 725 886 794 inferendae
900 724 1178 818 propositumdu·

246 859 334 909 ctum
353 866 417 909 esse
440 867 685 936 persuasumque
707 845 859 927 habuisse,
880 847 941 911 sibi
961 861 1103 935 apertam
1115 866 1178 909 esse

245 961 398 1053 optimam
417 959 502 1026 iilam
519 959 559 1026 ad
578 961 757 1028 libertatem
778 963 874 1040 viam,
900 959 1007 1026 adesse
1024 957 1178 1048 ilindop·

246 1094 421 1163 portunnm
444 1094 568 1168 tempus
591 1102 608 1142 e
632 1079 693 1144 vita
711 1075 902 1158 recedendi,
927 1075 1062 1166 quodsi
1085 1098 1180 1164 prae·

248 1194 447 1274 termisisset,
478 1195 579 1282 ipsam
608 1195 756 1260 virtutem
786 1211 818 1259 et
848 1194 1047 1276 libertatem,
1086 1217 1182 1281 quam

247 1333 307 1401 per
338 1326 449 1375 totam·
468 1311 565 1377 vitam
599 1334 722 1376 summo
742 1308 853 1377 ardore
875 1308 1031 1387 coluerat,
1054 1305 1181 1373 incoin-

248 1451 332 1492 mem
359 1450 478 1493 servare
507 1451 575 1493 non
607 1427 767 1517 potuisset.
835 1428 1057 1516 Proponamus
1091 1423 1182 1491 nobis

250 1543 365 1631 igitur,
410 1567 548 1632 quaeso,
582 1541 773 1610 Catonem
805 1541 912 1607 ultima
944 1566 1005 1630 pro
1038 1540 1183 1607 libertate

249 1677 437 1752 expertum,
460 1660 693 1750 Pompejum
727 1657 912 1740 devictum,
936 1657 1181 1748 Scipionem,

250 1776 290 1842 ad
314 1795 411 1865 qnem
434 1776 528 1841 Cato
551 1776 828 1867 post-Pompeji
851 1791 984 1841 mortem
1006 1772 1183 1858 aufugerat,

252 1891 412 1959 Catonis
435 1891 570 1958 consiliis
591 1893 726 1981 spretis,
752 1890 926 1956 Caesaris
949 1892 1045 1982 copiis
1068 1890 1183 1980 profli-

251 2024 375 2094 gatum,
394 2006 581 2072 Catonem
603 2031 699 2098 parra
724 2032 797 2074 cum
820 2032 917 2074 manu
936 2007 1073 2074 Uticae
1094 2028 1184 2072 moe-

250 2126 346 2190 nibus
380 2123 560 2205 inclusum,
591 2122 792 2189 Caesarem
815 2149 889 2190 cum
909 2125 1028 2211 ingenti
1047 2125 1186 2190 exercitu

251 2243 352 2334 portis
374 2238 570 2320 adstantem,
595 2237 716 2305 nuliam
740 2264 830 2331 spem
845 2240 969 2322 salutis,
1001 2239 1120 2305 nuliam
1142 2239 1185 2304 ii-

253 2359 404 2438 bertatis,
437 2379 504 2421 rem
532 2356 692 2447 publicam
711 2358 843 2444 jamjam
866 2357 958 2422 unius
980 2353 1187 2423 dominationi

253 2476 448 2560 subjectam,
493 2470 725 2571 philosophiam
767 2472 903 2540 Stoicam
937 2475 1186 2566 praecipientem
1227 2488 1235 2505 ‘

255 2606 390 2656 mortem
411 2589 515 2680 potius
534 2587 750 2680 oppetendam
770 2612 833 2654 esse
854 2613 952 2678 quam
970 2591 1095 2679 tyranni
1113 2591 1187 2656 rul-

256 2727 326 2773 tum
346 2701 608 2796 adspiciendurn3
634 2703 683 2770 his
702 2705 850 2771 omnibus
867 2708 1052 2797 propositis,
1076 2705 1187 2798 qnod·

256 2846 332 2889 nam
361 2818 444 2886 aliud
482 2818 641 2899 Catoni,
672 2836 709 2885 ut
734 2813 793 2887 sihi
817 2845 953 2912 suaeque
975 2822 1189 2916 philosophiae

256 2938 432 3033 praeceptis
455 2952 631 3019 constaret,
653 2935 828 3003 remedium
849 2963 946 3029 qnam
966 2959 1049 3007 mors
1071 2964 1187 3031 super-

257 3058 350 3125 suisse
385 3052 540 3121 videtur?
586 3053 772 3153 Catonem
804 3079 890 3137 non,
923 3073 960 3122 ut
986 3058 1125 3125 Cicero
1147 3055 1189 3142 (¹)

258 3168 445 3252 contendit,
469 3192 500 3234 se
534 3193 669 3236 caussam
697 3168 852 3237 moriendi
876 3173 1029 3240 invenisse
1052 3175 1191 3261 gavisum

256 3290 371 3369 fuisse,
400 3285 476 3369 sed,
498 3288 553 3353 ubi
578 3289 647 3374 jam
675 3288 733 3353 sibi
755 3312 866 3354 manus
887 3289 1044 3356 inferendi
1065 3307 1190 3382 ceperat

230 3394 235 3403 ’
259 3402 444 3487 consilium,
470 3399 528 3468 diu
546 3401 653 3469 adhuc
676 3404 823 3490 cogitasse
844 3429 925 3471 num
939 3408 1024 3493 justa
1034 3405 1193 3493 migrandi

259 3544 363 3591 caussa
383 3520 442 3585 sibi
469 3516 539 3585 data
559 3536 661 3605 esset,
696 3544 776 3587 num
795 3521 855 3587 sibi
874 3545 1010 3613 suaeque
1031 3523 1192 3592 doctrinae

257 3638 491 3708 consentienter
512 3635 641 3703 honeste
660 3639 695 3702 in
719 3637 781 3704 vita
803 3663 929 3706 manere
940 3642 1107 3731 potuisset,
1128 3642 1190 3709 hoc

258 3755 336 3823 inde
357 3754 478 3838 efficio,
502 3752 610 3844 quod,
635 3754 761 3820 remotis
785 3756 917 3843 ceteris,
944 3758 1189 3826 Demetrium

257 3915 394 3936 W

294 4006 321 4072 (¹)
342 4010 418 4058 Tusc.
438 4007 458 4066 1,
477 4004 519 4055 30.
