2756 4830
630 459 693 529 337

192 640 397 735 philosophos
418 641 568 723 iudaeos,
590 644 808 734 Philonem*
818 642 1068 714 Alexandrinum
1090 636 1123 708 e‘t

192 758 403 849 inscphum
428 761 762 850 Hierosolymitannm,
798 761 959 841 traducit,
983 784 1122 850 quornm

189 891 327 967 uterque
350 875 480 966 quidem
502 876 692 945 Platonicam
714 877 947 972 philosophiam
968 878 1027 943 sibi
1050 878 1122 941 imi·

189 991 320 1058 tandam
366 994 556 1084 proposuit,
592 992 708 1062 Philo
745 1012 850 1060 tamen
893 1016 958 1061 non
995 1007 1120 1060 tantum

189 1109 299 1174 mortis
328 1108 518 1176 voluntariae
538 1109 702 1200 exempla,
727 1135 809 1201 qnae
829 1109 940 1193 affert,
962 1106 1067 1175 iaudat
1087 1123 1121 1174 et

186 1224 400 1314 comprobat,
434 1222 489 1291 sed
523 1226 559 1292 in
591 1228 729 1294 oratione
760 1250 813 1293 aua
839 1251 946 1293 coram
978 1228 1120 1292 Petro·

188 1338 253 1406 nio
270 1338 313 1427 (¹)
336 1338 479 1407 defendit
494 1338 573 1408 adeo
585 1341 787 1433 popularium
809 1365 940 1410 suorum
962 1364 1118 1421 errorem,

188 1480 255 1547 qno
279 1475 412 1524 mortem
444 1457 506 1524 sibi
537 1459 726 1526 consciscere
756 1483 853 1550 qnam
878 1476 1009 1552 paterna
1031 1480 1117 1523 sacra

185 1575 365 1667 relinquere
390 1593 443 1642 aut
466 1579 627 1644 tormentis
646 1576 815 1645 excruciari
839 1577 970 1646 malint:
1014 1570 1115 1648 Ἀπο-

181 1692 324 1767 θανόντων
349 1698 380 1767 τὸ
405 1700 552 1791 ἐτ’τῖταγμα
566 1702 615 1791 γίν
647 1701 698 1767 Hm.
751 1697 903 1792 Μέμψαιτ’
923 1704 962 1770 ἂν
977 1700 1044 1772 οὐδὲ
1058 1705 1131 1787 θείς,

185 1827 263 1914 ἡμᾶς
305 1827 474 1917 ἀμφοτέρων
512 1828 753 1915 ςοχαζομένονς,
792 1828 841 1893 καὶ
881 1839 931 1905 τῆς
965 1829 1034 1921 πρὸς
1068 1828 1116 1897 τὸν

183 1950 380 2043 αὐτοκράτορα
403 1947 567 2038 εὐλαβείας,
594 1948 643 2016 καὶ
658 1961 707 2027 τῆς
721 1952 791 2043 πρὸς
805 1951 869 2039 τοὺς
883 1954 1115 2047 ααθωστωμένονς

182 2079 283 2166 νόμους
319 2072 484 2164 ἀποδοχῆς.
534 2060 689 2149 Γενήοεται
724 2072 759 2144 δὲ
793 2083 900 2166 τοῦτο,
938 2079 989 2146 ἐὰν
1019 2079 1113 2149 ὑπεκ-

183 2207 283 2291 ςῶμεν
319 2200 447 2288 ἀβιώτον
486 2199 551 2288 βίον
585 2208 856 2296 καταφρονήσαντες.
911 2203 1113 2297 Iosephus

182 2337 310 2401 autem,
344 2310 483 2389 summae
517 2318 691 2385 timiditatis
727 2336 759 2386 et
792 2320 931 2408 ignaviae
965 2344 1113 2388 accusans

180 2413 254 2503 euni
289 2436 345 2528 qui
373 2459 484 2502 manus
508 2436 568 2501 sibi
591 2434 730 2518 inferat,
767 2454 903 2504 mortem
935 2437 1109 2507 voluntari-

181 2579 233 2621 am
264 2555 429 2643 impugnat
460 2575 593 2642 eamque
622 2568 655 2618 et
683 2555 842 2620 communi
867 2555 1011 2647 omnium
1034 2556 1108 2621 ani-

180 2669 307 2737 malium
329 2673 456 2735 naturae
479 2690 654 2760 repugnare
674 2684 706 2734 et
728 2692 883 2735 summam
902 2650 936 2735 in
963 2667 1109 2742 divinum

136 2874 144 2881 .
180 2804 353 2856 creatorem
383 2786 576 2876 impietatem
608 2808 671 2851 esse
703 2802 817 2852 censet.
863 2785 1016 2870 Nullum,
1050 2787 1107 2854 in·

179 2871 271 2995 cinit,
293 2917 340 2968 est
362 2898 476 2969 animal
499 2898 592 2989 quod*
612 2923 651 2967 ex
671 2898 824 2967 industria
850 2902 898 2968 vel
925 2902 1007 2971 ultro
1030 2927 1107 2971 mo-

178 3021 297 3099 riatur,
328 3017 474 3085 omnibns
499 3040 571 3082 vern
593 3017 698 3081 innata
723 3034 768 3083 est
790 3034 942 3109 tanquam
962 3012 1107 3087 constans

178 3152 307 3202 naturae
335 3132 384 3201 lex
409 3130 535 3199 vivendi
548 3130 729 3224 cupiditas3
765 3138 913 3224 quocirca
933 3160 990 3206 nos
1010 3137 1105 3204 etiam

174 3275 247 3332 eos,
277 3250 333 3343 qui
354 3250 448 3316 vitam
468 3251 560 3316 nobis
585 3266 693 3341 aperte
724 3249 771 3317 vel
801 3249 874 3318 doio
894 3253 1014 3342 eripere
1032 3269 1104 3319 stn-

98 3380 105 3389 '
176 3371 293 3452 deant,
317 3367 421 3434 hostes
444 3364 560 3434 ducere
582 3382 615 3433 et
635 3382 786 3457 tanquam
809 3366 1002 3435 insidiatores
1027 3392 1104 3462 poe·

174 3512 216 3554 na
248 3485 393 3579 persequi
428 3483 537 3552 solere.
582 3483 692 3572 Ipsum
717 3482 856 3576 denique
887 3485 989 3550 Deum
1017 3508 1107 3572 aegre

176 3604 281 3687 serre,
315 3604 343 3668 si
375 3600 498 3669 donum
535 3601 603 3687 ejus
633 3596 793 3721 despiciat
816 3599 913 3668 homo
952 3596 1006 3691 (²).
1049 3601 1106 3668 Hie

169 3782 298 3800 *1-

211 3863 238 3928 (¹)
257 3866 294 3915 De
312 3859 378 3914 virt.
396 3864 423 3911 et
441 3861 506 3923 [ος.
524 3853 558 3907 ad
574 3851 704 3921 cajum,
720 3854 787 3921 Opp.
806 3857 881 3908 Tom.
897 3857 931 3920 Π,
949 3869 980 3922 τα,
993 3854 1043 3908 881
1058 3852 1104 3907 cd.

171 3964 325 4025 Mangey.
358 3955 398 4008 Cf.
430 3953 463 4005 dc
490 3955 578 4005 Execr.
611 3953 687 4003 Tom.
713 3952 746 4014 11,
767 3964 796 4018 p.
821 3951 882 4002 430.
919 3949 948 4017 (¹)
966 3953 1004 4002 Dc
1024 3953 1054 4003 B.
1076 3952 1104 4002 J.

173 4057 231 4110 Lib.
253 4060 296 4120 111,
314 4071 337 4108 ε.
356 4056 382 4117 8,
405 4053 423 4117 ᾗ
446 4052 471 4103 t.
507 4045 693 4116 Atosepho
717 4043 775 4099 Lib.
797 4047 852 4110 vn,
874 4048 942 4109 αθ,
966 4046 1103 4111 §tet'l

949 4143 993 4208 22
