2756 4830
683 478 750 546 354

302 661 597 743 olympiodorus,
630 665 742 725 Scholia
773 665 802 723 in
833 661 920 721 Plat.
952 658 1089 720 Pbaed.
1116 657 1188 721 Cod.

261 771 335 850 Mc,
351 773 424 834 Ribl.
444 774 541 834 Voss.
560 775 598 833 N⁰
620 775 660 836 38
684 775 754 851 lot,
778 772 852 834 Bibl.
878 771 986 847 bugd.
1016 771 1091 829 Bat.
1120 770 1192 830 Mss.

260 881 312 942 Gr.
337 884 438 945 Voss.
465 885 503 944 N⁰
529 886 568 946 55
595 885 668 961 iol,
696 905 728 963 p.
755 884 844 943 1-5.
874 928 881 942 .
925 901 991 960 pag.
1021 881 1084 941 tut
1118 894 1193 959 sqqs,

683 996 745 1056 292
770 1014 836 1072 sq.,
865 993 927 1052 ⁶295
951 1011 1034 1070 sqq.‚
1061 991 1121 1051 507
1148 1010 1195 1069 sq.

263 1256 301 1311 ita
324 1258 404 1312 etiam
430 1259 458 1313 in
482 1262 629 1316 Musonii
656 1260 813 1331 fragmentis
833 1259 945 1312 occurrit
972 1259 1050 1326 (Flor.
1076 1255 1129 1311 Tit.
1152 1257 1199 1322 tc,

264 1354 291 1407 9.
320 1356 364 1420 67,
389 1357 443 1421 20).
478 1361 567 1426 Neque
595 1357 693 1411 mirum
715 1358 853 1424 utriusque
881 1357 1030 1423 fragmenta
1055 1369 1108 1406 non
1136 1334 1201 1404 satis

265 1448 379 1503 discreta
395 1450 495 1516 luisse,
512 1460 542 1505 ut
560 1453 631 1507 euim
647 1454 702 1508 lere
717 1461 819 1507 constat
835 1448 1026 1521 Epictetum
1040 1445 1205 1517 ipsumnibil

267 1545 419 1614 scripsisse,
441 1546 478 1600 ita
503 1548 574 1603 idem
597 1550 630 1604 de
650 1552 765 1604 Telete
789 1556 815 1603 et
841 1546 992 1603 Musonio
1020 1543 1203 1598 affirmandum

265 1647 385 1715 videtum
406 1641 554 1715 fragmenta
572 1650 655 1718 igitur
677 1670 744 1721 quae
765 1660 908 1721 supersunt
931 1650 1202 1724 ἀπομνημονεύματα,

267 1760 299 1798 er
326 1744 360 1817 iis
385 1759 452 1812 quae
480 1745 508 1796 in
531 1747 628 1800 scholis
657 1730 807 1802 docuerant
822 1750 854 1802 ab
880 1766 970 1802 eorum
1001 1747 1139 1817 discipulis
1164 1747 1207 1799 uel

269 1857 285 1894 a
301 1841 415 1909 posteris
441 1842 589 1912 descripta,
613 1844 698 1898 luisse
716 1845 850 1914 suspicor,
871 1845 907 1898 ita
923 1845 1038 1913 -quidem
1054 1851 1100 1907 ut,
1118 1842 1206 1912 prouti

270 1937 435 1991 Arrianus
462 1945 488 1991 et
510 1939 623 1993 Rufus
641 1941 808 2009 Epicteti,
830 1941 868 1995 ita
890 1940 1029 2007 Lucius,
1051 1947 1081 1993 ut
1104 1938 1209 1993 videtur

270 2034 434 2088 Claudius
455 2035 582 2100 Pollio,
598 2036 766 2103 Musunii,
790 2037 984 2091 Theodorus
1004 2037 1136 2090 T‘eletis
1155 2038 1209 2104 Py-

271 2142 391 2209 thagorei
409 2139 665 2216 ἀπομνημονεύματα
683 2145 836 2212 collegerint
856 2147 903 2211 (ef.
932 2150 1030 2213 Wytt.
1053 2143 1120 2198 Bibl.
1145 2142 1208 2197 Crit.
1231 2139 1234 2145 '

272 2240 302 2290 P.
324 2241 441 2313 Mll1,p.
461 2243 512 2293 128
536 2258 611 2307 sqq.,
637 2241 712 2295 Mise.
737 2247 810 2295 Doct.
830 2241 888 2296 Lib.
906 2246 938 2307 11,
960 2259 987 2311 p.
1013 2243 1057 2306 21,
1083 2243 1142 2304 22);
1167 2239 1210 2292 cui

275 2332 392 2401 opinioni
411 2351 471 2386 eum
490 2337 619 2388 Teletis
641 2337 744 2389 Thebas
763 2336 885 2389 exsilium
907 2338 955 2403 (Cf.
975 2333 1063 2405 Lips.
1084 2342 1155 2390 Man.
1176 2335 1211 2388 ad

276 2430 355 2486 Stoie.
381 2429 446 2483 Phil.
474 2435 495 2496 1,
525 2432 590 2484 diss.
615 2434 657 2499 6),
683 2439 740 2484 tnm
767 2442 884 2502 tempora
911 2433 1008 2500 quibus
1034 2432 1212 2486 Musonius

274 2525 379 2590 floruit,
405 2526 547 2579 Neronis
574 2526 674 2581 seilicet
693 2527 849 2597 imperium,
872 2544 950 2595 quem
970 2527 1093 2582 novimus
1119 2541 1212 2580 omnes

276 2618 456 2691 philosophos,
475 2623 503 2674 in
520 2621 613 2692 primis
624 2625 757 2677 Musoni
766 2641 825 2688 um,
840 2641 897 2678 esse
908 2632 1074 2693 persecutum
1086 2623 1143 2689 (cu.
1152 2620 1213 2676 Dio

278 2724 367 2774 Cass
394 2725 470 2784 LXII,
490 2722 533 2784 27,
553 2724 626 2774 Tae.
649 2724 717 2774 Anu.
739 2726 792 2781 XV,
811 2722 865 2784 71),
887 2721 974 2773 lavere
999 2720 1131 2774 videntur.
1166 2719 1215 2771 His

278 2817 432 2887 praemissis
459 2819 493 2870 ad
519 2816 608 2886 ipsum
634 2817 667 2868 de
687 2834 740 2884 quo
761 2816 895 2884 quaeritur
914 2799 1094 2883 fragmentum
1111 2817 1216 2869 acceda-

279 2936 351 2975 mus,
387 2920 538 2974 Musunii
556 2922 705 2989 fragmenta
726 2930 870 2990 supersunt
890 2919 948 2995 περὶ
968 2925 1072 2994 φυγῆς,
1089 2922 1164 2989 plura
1184 2920 1216 2970 de

279 3018 451 3086 frugalitate,
484 3025 526 3082 et,
559 3019 631 3085 quod
655 3018 766 3071 maxime
791 3019 952 3083 tenendum,
972 3021 1004 3071 de
1022 3018 1119 3087 optimo
1139 3031 1217 3069 sene·

280 3113 362 3167 ctutis
379 3114 488 3178 viatico,
507 3113 534 3165 in
553 3111 604 3181 nuo
623 3114 715 3166 ultimo
733 3116 882 3182 fragmento
907 3116 987 3168 vitam
1009 3112 1154 3167 'secuudum
1167 3128 1217 3164 na·

282 3218 370 3262 turam
396 3209 541 3277 mortisque
565 3217 726 3262 contemtum
750 3212 929 3277 commendat,
955 3227 986 3264 er
1007 3209 1107 3263 divitiis
1130 3217 1220 3261 autem

282 3307 384 3358 nullam
414 3305 495 3357 animi
521 3306 739 3373 tranquillitatem
763 3309 803 3360 vel
827 3307 925 3359 doloris
945 3308 1103 3361 vacuitatem
1124 3321 1219 3374 exspe-

283 3401 406 3463 ctandam
424 3417 482 3453 esse
501 3402 591 3463 doeet;
605 3418 671 3469 quae
686 3402 794 3469 quidem
812 3411 967 3469 argumenta
988 3419 1048 3455 cum
1065 3402 1098 3454 iis
1110 3399 1215 3468 quaein

281 3498 400 3553 secunda
428 3498 476 3548 bac
502 3496 644 3563 fragmenti
667 3506 740 3565 parte
766 3507 907 3552 occurrunt
928 3499 1026 3567 optime
1054 3495 1222 3551 conueniunt.

199 3618 202 3622 ·
285 3581 462 3661 Pythagoreos
490 3592 627 3645 arbitrium
654 3593 722 3646 vitae
749 3593 824 3646 unice
845 3595 954 3647 senibus
982 3593 1143 3647 concessisse
1167 3592 1225 3659 jam

287 3706 368 3758 supra
389 3690 541 3752 docuimus3
562 3690 603 3742 hle
619 3705 679 3742 vero
695 3690 838 3756 fragmenti
854 3699 945 3743 nuetor
961 3706 1093 3743 summam
1109 3703 1225 3757 pauper-

288 3793 369 3839 tatem
401 3794 442 3848 et,
472 3794 502 3838 ut
517 3785 767 3851 videtur,·summos
786 3785 865 3838 etiam
885 3786 1017 3840 eruciatus
1036 3785 1153 3854 eorporis
1169 3790 1226 3836 tun-

289 3898 368 3949 quam
392 3897 499 3933 caussas
518 3882 593 3934 affert
609 3899 622 3934 e
638 3880 694 3934 vita
713 3882 866 3947 recedendi,
886 3899 952 3950 quas
970 3898 1078 3935 caussas
1096 3897 1109 3933 a
1133 3878 1227 3933 Stoicis

290 3981 369 4048 vulgo
390 3968 507 4047 receptas
531 3979 616 4031 fuisse
637 3978 759 4032 novimus
782 3979 838 4046 (eff.
861 3978 999 4048 inprimis
1020 3983 1160 4040 Seneca,
1179 3980 1226 4044 Ep.

292 4079 335 4142 ts,
353 4083 378 4128 et
395 4091 475 4144 supra
491 4093 517 4144 p.
534 4077 586 4147 252
599 4078 666 4144 sq.);
680 4075 792 4151 eelebtat
807 4075 919 4130 maxime
933 4074 987 4129 vim
1003 4071 1228 4144 opportunitatis,
