2756 4830
603 467 666 536 299

166 663 218 730 'tis
254 659 416 742 damnati,
449 657 554 731 πολεως
579 653 708 734 ταξάσης
736 651 845 740 δίκην,
873 655 931 746 qui
963 657 1108 722 fortunae

181 807 252 850 casu
279 804 385 869 graves
418 777 539 846 dolores
567 777 715 844 afferente
745 793 777 843 et
794 774 988 862 inevitabili,
1011 804 1116 870 περιο-

183 905 263 997 δύνῳ
304 907 424 998 ἀρύκτῳ
466 904 666 995 προσπεσούσῃ
705 902 809 991 τύχῃ,
851 904 970 988 coacti,
992 904 1041 971 vel
1062 907 1118 994 qui

182 1027 307 1121 pudore
330 1027 436 1117 aliquo
454 1041 593 1095 extremo
601 1025 766 1114 σοωρυλεί,
792 1027 932 1114 αἰσχύνης
950 1028 1022 1104 τινὸς
1037 1032 1119 1096 ἀπό-

183 1179 233 1244 ρου
264 1151 312 1218 καὶ
338 1149 426 1238 ἀβίου
452 1149 690 1238 μεταλαχόντες,
716 1176 826 1217 manus
844 1154 906 1219 sibi
928 1153 1115 1240 intulerint3
1188 1198 1192 1202 -

185 1271 338 1361 quocirca
359 1269 452 1334 etiam
474 1264 818 1359 olympiodorus,
834 1268 1048 1336 ,Platonem
1063 1294 1119 1336 re-

184 1383 389 1477 prehendens
421 1382 510 1474 quod
545 1384 580 1449 in
611 1382 825 1451 Phaedone
857 1387 950 1452 unIce
969 1410 1005 1459 σε
1023 1411 1119 1473 argu·

186 1521 292 1569 menta
310 1501 450 1568 attulerit
470 1523 552 1592 quae
570 1516 704 1591 mortem
725 1502 931 1569 voluntariam
955 1500 1121 1586 dissuade-

91 1676 96 1681 ,
189 1637 266 1704 ant,
289 1643 376 1685 suam
396 1642 471 1685 vero
490 1618 676 1683 sententiam
698 1641 764 1683 non
787 1617 1123 1686 confirmarestudue-

189 1737 255 1817 rit,
292 1734 388 1800 allatis
420 1749 453 1798 et
484 1730 663 1819 dijudicatis
696 1735 789 1799 etiam
813 1733 917 1800 dubiis
939 1760 1019 1825 quae
1041 1759 1123 1805 con·

190 1853 282 1918 trffria
309 1875 349 1917 ex
374 1866 462 1940 parte
485 1850 602 1917 moveri
610 1866 751 1940 possent,
775 1851 851 1918 haec
861 1849 1012 1942 deinceps
1024 1853 1051 1918 ei
1061 1853 1125 1918 ob·

187 1972 336 2064 jieit(1)2
385 1975 427 2039 Τί
464 1965 512 2039 οὖν
542 1973 573 2039 οὐ
603 1970 655 2039 δεῖ
676 1985 870 2065 συνπγορῆσαι
898 1976 947 2040 καὶ
973 1982 1015 2064 τῷ
1040 1978 1127 2043 ἀντι-

192 2103 313 2191 κειμένῳ
367 2098 416 2164 καί
471 2097 567 2177 δεῖξαι
622 2105 664 2165 ὅτι
715 2097 767 2165 δεῖ
821 2099 934 2189 ἐξάγειν
986 2101 1125 2188 ἑαυτούς5

196 2228 320 2317 Πρῶτον
353 2224 405 2313 μὲν
446 2228 488 2290 ὅτι
514 2224 543 2289 έν
569 2223 641 2313 αὐτῇ
667 2235 702 2314 τῇ
729 2233 776 2290 νυν
803 2229 973 2317 προκειμένῃ
998 2225 1072 2305 λέξει
1099 2228 1128 2293 έν

194 2348 215 2422 ἦ
239 2354 447 2427 κατασκευάζει
475 2349 489 2413 ὁ
516 2347 645 2417 Πλάτων
670 2355 712 2415 ὅτι
739 2350 770 2415 οὐ
797 2348 849 2417 δεῖ
870 2350 984 2442 ἐξάγειν
1000 2353 1127 2440 ἑαυτούς,

195 2481 319 2567 έμρασιν
344 2471 451 2541 δίδωσι
479 2471 528 2538 καιΙ
554 2480 603 2540 τοῦ
628 2476 822 2564 ἀντικειμένου
848 2477 909 2566 (2)·
939 2484 1052 2570 πρῶτον
1078 2478 1130 2567 μὲν

195 2602 316 2691 λέγων,
359 2599 390 2665 οὐ
431 2600 526 2688 μέντοι
567 2598 634 2674 ἴσως
676 2599 812 2685 βιάσεται
855 2602 981 2689 ἑαυτόν,
1013 2603 1044 2668 τὸ
1070 2606 1130 2694 γάρ

196 2728 262 2802 ἴσως
285 2725 326 2817 (³)
353 2726 486 2792 ὑπόνοιαν
513 2721 637 2790 δίδωσιν
663 2729 705 2792 ὅτι
731 2725 799 2792 ποτὲ
814 2730 817 2735 ‘
835 2726 883 2791 καί
926 2724 978 2792 δεῖ
1015 2724 1130 2817 ἐξάγειν

198 2853 321 2927 ἑαυτούς·
367 2850 416 2916 καὶ
459 2850 550 2916 πάλιν
590 2848 688 2940 ἑρεξῆς
713 2852 822 2941 ῳκσίν,
858 2857 900 2916 ὅτι
926 2852 958 2917 οὐ
982 2849 1034 2917 δεῖ
1055 2850 1130 2929 ἐξά-

196 3003 257 3079 γειν
284 2977 423 3062 ἑαυτούς,
450 2977 475 3040 εἰ
502 2978 542 3062 μὴ
570 2976 704 3065 μεγάλην
729 2977 744 3041 ὁ
771 2976 830 3050 θεὸς
855 2978 986 3065 ἀνάγκην
1001 2978 1131 3066 ἐπιπέμ-

199 3104 261 3192 ψοι,
287 3109 348 3168 οἷαν
374 3104 425 3172 τὴν
452 3108 499 3166 νῦν
527 3106 685 3193 παροῦσαν.
715 3102 852 3191 Δεύτερον
878 3100 1080 3192 ἐπιχείρημα,
1107 3105 1133 3168 εἰ

202 3228 284 3303 αὐτὸς
327 3229 342 3292 ὁ
383 3226 511 3293 Πλάτων
546 3228 657 3317 φησίν,
686 3231 726 3292 ὅτι
754 3222 868 3314 ἐξάγειν
893 3225 990 3292 ἑαυτὸν
1014 3227 1133 3318 ἐπιτρέ-

202 3379 250 3421 ποι
275 3339 316 3429 (⁴)
343 3352 392 3418 καὶ
419 3357 460 3440 τῷ
486 3349 638 3441 σπουδαίῳ
663 3351 711 3416 καί
739 3357 779 3439 τῷ
805 3353 886 3441 μέσῳ
911 3350 960 3416 καί
987 3357 1028 3440 τῷ
1055 3352 1133 3419 πόλ-

160 3554 167 3571 s
203 3478 247 3567 λῳ
287 3477 336 3542 καί
362 3477 463 3568 φαύλῳ
488 3477 642 3568 ἀνθρώπῳ·
672 3483 713 3566 τῷ
739 3474 890 3567 σπουδαίῳ
918 3477 956 3552 ὡς
985 3477 1132 3565 ἐνταῦθα,

205 3607 246 3690 τῷ
271 3604 351 3690 μέσῳ
376 3603 414 3677 ὡς
441 3602 470 3667 έν
496 3611 531 3691 τῇ
557 3600 703 3688 πολιτείᾳ,
732 3601 823 3691 λέγων
849 3607 891 3671 ὅτι
919 3599 1037 3668 δεῖτὸν
1062 3608 1135 3695 νόσῳ

242 3841 270 3905 (¹)
288 3840 328 3895 λλ.
351 3856 379 3907 p.
398 3840 416 3891 2
435 3847 461 3893 et
484 3843 510 3893 3.
546 3840 574 3907 (²)
594 3839 677 3893 Verba
695 3841 796 3908 πρῶτον
816 3836 862 3911 μὲν
882 3859 907 3893 κ.
928 3859 956 3896 τ.
971 3838 998 3896 λ.
1010 3847 1137 3913 usquead

208 3944 385 4019 ἀντικειμένου
404 3944 547 3999 desiderari
565 3946 686 4002 videntur
703 3947 730 4000 in
751 3954 801 4005 MS.
819 3954 888 4005 Par.
925 3950 996 4019 (³)1n
1007 3959 1057 4010 MS.
1068 3960 1137 4013 Par.

208 4048 272 4114 ἰ’σως
299 4071 353 4112 om.
390 4055 419 4124 (δ)
437 4060 488 4111 Με.
507 4061 575 4112 Par.
596 4052 735 4127 ἐπιτρέπει.
