2756 4830
701 420 770 488 sto

264 617 398 667 mortem
418 600 533 687 refert,
555 618 587 672 et
605 601 783 672 secundum
805 601 936 694 quidem
958 603 999 670 ad
1012 606 1196 695 ejusfugam

265 718 299 781 in
324 719 532 803 Euboeam,
557 744 642 811 quo,
666 738 700 786 ut
724 722 926 788 inimicorum
956 722 1196 791 obtrectationes

265 834 396 918 vitaret,
419 854 491 927 post
515 839 639 904 obitum
662 836 884 905 Alexandri
907 841 1079 924 concessit3
1104 840 1196 908 bunc
1254 818 1262 830 ο

265 973 341 1017 vero
382 954 596 1019 Censorini
640 951 681 1040 (¹)
725 953 853 1022 locum:
891 956 1198 1037 „Aristotelem

223 1066 228 1075 ’
265 1056 373 1131 derunt
394 1068 567 1134 naturalem
588 1069 740 1136 stomachi
761 1069 980 1137 infirmitatem
1003 1073 1195 1161 crebrasque

263 1181 401 1248 morbidi
424 1187 563 1276 corporis
585 1186 767 1252 offensiones
790 1185 867 1253 adeo
886 1188 1003 1253 virtute
1029 1189 1125 1254 animi
1138 1186 1197 1254 diu

261 1313 466 1383 sustentasse,
491 1317 526 1367 ut
550 1303 645 1388 magis
667 1304 783 1369 mirum
805 1304 868 1385 sit,
898 1302 938 1368 ad
961 1329 1060 1372 annos
1083 1303 1192 1372 LXlll

259 1437 333 1480 eum
353 1418 446 1482 vitam
468 1418 651 1509 pertulisse,
673 1444 771 1508 quam
794 1419 875 1485 ultra
899 1444 966 1486 non
988 1420 1191 1512 protulisse'';

261 1554 357 1621 quem
389 1533 598 1600 Stahrius
626 1537 660 1600 in
695 1559 783 1600 suam
816 1539 1004 1601 sententiam
1035 1554 1192 1621 traxerat,

259 1649 383 1715 monuit
414 1649 495 1715 nihil
524 1649 607 1716 aliud
633 1649 773 1719 indicare
804 1653 864 1717 nisi
897 1652 1067 1736 morbum,
1094 1678 1193 1743 quem

259 1761 317 1829 diu
339 1766 495 1856 patienter
519 1767 654 1849 tulisset,
688 1767 817 1833 tandem
841 1770 951 1834 mortis
976 1768 1190 1848 Aristoteli

257 1879 497 1948 incitamentum
529 1884 645 1966 fuisse,
683 1885 791 1976 prouti
821 1902 946 1951 auctorx
961 1886 1192 1975 epigrammatis

257 1995 364 2082 sugam
392 1996 440 2065 vel
468 2000 686 2084 aegrimoniam
710 2024 749 2066 ex
770 2000 843 2086 fuga
872 2017 1060 2092 conceptam
1083 2004 1191 2069 mortis

260 2137 396 2179 caussam
426 2115 519 2180 fuisse
548 2131 708 2207 putasset3
744 2134 918 2206 utrumque
940 2119 1035 2204 igitur
1061 2117 1191 2186 nonde

258 2253 390 2315 genere,
421 2229 476 2297 sed
501 2234 594 2298 unice
616 2231 657 2298 de
675 2235 913 2324 opportunitate
935 2236 1042 2300 mortis
1065 2234 1189 2301 dissen-

258 2348 399 2412 sisse.-
422 2348 515 2412 lllissa
540 2347 716 2414 Stahrii
741 2350 913 2440 opinione,
936 2348 1189 2435 Welckero,
1247 2396 1256 2420 t

257 2464 348 2549 cujus
379 2463 531 2529 sententia
566 2464 674 2530 ceteris
709 2465 839 2553 quidem
864 2464 956 2551 longe
984 2464 1187 2555 pracferenda

255 2578 335 2645 mihi
358 2577 500 2663 videtur,
527 2577 624 2645 dubia
647 2596 750 2646 tamen
774 2579 931 2669 quaedam
950 2583 1087 2668 objicere
1108 2583 1189 2649 mihi

227 2744 230 2749 -
255 2694 354 2763 liceat.
400 2693 536 2763 Videtur
572 2713 680 2763 auctor
706 2697 935 2788 epigrammatis
963 2722 1029 2764 non
1062 2715 1186 2765 tantum

256 2836 325 2878 non
346 2809 534 2895 significasse
552 2811 658 2897 sugam
680 2811 897 2879 Aristoteli
917 2838 1053 2880 caussam
1076 2818 1182 2882 mortis

254 2930 315 2994 sibi
342 2924 525 2994 inserendae
548 2926 658 3010 fuisse,
694 2926 748 2993 sed
773 2927 852 2994 illud
876 2927 972 3014 adeo,
996 2954 1069 2997 eum
1092 2934 1184 2999 etiam

255 3045 383 3112 alteram
433 3044 519 3111 banc
556 3045 663 3130 fugam
704 3046 738 3110 in
774 3045 1010 3130 Euboeam,
1044 3049 1184 3136 primum

252 3163 337 3226 enim
358 3177 395 3262 up
417 3177 531 3226 notum
553 3160 591 3226 M
599 3159 795 3250 ytilcnem
815 3160 959 3247 fugerat,
983 3187 1085 3253 aequo
1108 3166 1181 3230 ani-

251 3301 304 3344 mo
326 3276 452 3361 tulisse,
484 3292 681 3366 mortemque
704 3275 833 3343 taudem
853 3279 882 3342 ci
904 3279 1064 3362 contigisse
1093 3306 1178 3371 qua·

250 3395 312 3461 lem
333 3394 426 3487 pauci
447 3409 571 3457 tantum
593 3392 704 3459 herotis
729 3394 898 3478 obiissent3
925 3391 1065 3462 celebrat
1088 3398 1183 3483 igitur

249 3511 353 3601 potius
374 3525 483 3591 auctor
506 3509 651 3574 carminis
671 3508 891 3575 fortitudinem
927 3511 1178 3597 Aristotelis,

251 3624 339 3717 quod
381 3626 470 3713 fugae
511 3623 693 3692 calamitates
736 3642 800 3696 tam
844 3644 1022 3696 constanter
1063 3628 1179 3697 tulerit.

244 3806 368 3823 *-

285 3915 313 3980 (1)
332 3919 370 3966 Da
388 3910 430 3964 die
448 3908 569 3964 natalie.
589 3910 632 3974 tt,
651 3925 677 3977 p.
695 3909 731 3961 72
748 3907 791 3962 ed.
809 3911 968 3977 Haterii„
986 3910 1090 3994 Lugd.
1110 3914 1179 3966 Bet.

252 4014 328 4065 1743.
347 4009 387 4065 Cf.
406 4003 685 4074 Lindenborniua
704 4004 737 4058 ad
753 4004 781 4056 h.
799 4004 819 4061 l.
