2712 4842
650 426 716 491 Zssft

219 629 292 672 rum
313 607 443 674 sontem
457 610 490 674 in
512 632 549 675 eo
569 608 684 691 latere,
705 606 794 698 qood
812 610 861 675 vel
874 611 1045 699 sapientem
1058 612 1149 680 Stoi-

222 748 295 789 cum
323 724 481 811 evulgari
505 726 632 792 homine
657 750 723 791 non
745 742 834 792 caute
857 706 1079 806 distinxerint,
1106 727 1152 793 vel

219 841 311 905 etiam
331 842 524 928 singulorum
547 843 726 909 Stoicorum
749 868 868 909 errores
891 868 1001 910 eorum
1024 843 1150 912 doctri·

219 980 277 1021 nae
311 955 557 1048 adscripserint,
593 960 693 1048 iisque
724 960 808 1025 velut
831 960 958 1026 maculis
982 960 1065 1028 hanc
1085 959 1150 1026 ad-

218 1075 389 1163 sperserint
417 1092 450 1141 et
482 1074 662 1167 polluerint.
717 1076 844 1165 Quibus
879 1077 1011 1143 maculis
1050 1103 1154 1168 quum

219 1204 316 1256 totam
336 1190 474 1258 Stoicam
495 1192 697 1275 doctrinam,
725 1195 857 1258 maxime
890 1218 965 1259 vero
997 1195 1155 1286 placitum

220 1313 287 1403 περὶ
316 1325 365 1389 τῆς
396 1315 510 1405 εὐλόγου
540 1313 715 1405 ἐξαγωγῆς,
745 1318 968 1401 contaminari,
991 1319 1151 1387 Stoicam-

222 1454 286 1522 que
309 1431 559 1526 philosophiam,
583 1459 645 1523 qua
669 1432 753 1498 nulla
774 1433 908 1499 fortassis
930 1436 1024 1520 magis
1042 1435 1154 1502 divina

218 1566 387 1641 praecepta
418 1551 594 1632 contineat,
626 1549 739 1636 negligi
773 1567 805 1615 ct
826 1550 975 1617 oblivioni
1008 1551 1151 1618 mandari

220 1663 511 1748 animadverterem
537 1667 632 1753 hujus
643 1681 819 1734 contemtus
833 1691 969 1733 caussam
983 1671 1157 1759 praecipue

1068 1771 1071 1776 -
1115 1767 1126 1787 1

220 1784 361 1848 invenire
381 1783 459 1847 mihi
483 1784 564 1848 visus
584 1807 655 1848 sum
677 1786 710 1848 io
724 1782 945 1875 praejudicatis
956 1801 1153 1874 posterorum

218 1901 420 1990 opinionibus
443 1897 484 1965 de
506 1897 602 1986 hujus
623 1915 722 1965 sectae
742 1898 863 1987 placitis
883 1916 914 1964 et
927 1903 962 1965 in
975 1902 1070 1967 nimia
1084 1900 1153 1967 fide

220 2041 317 2106 quam
339 2015 568 2099 Plutarchi,
591 2017 734 2082 acerrimi
762 2017 940 2083 Stoicorum
962 2015 1151 2099 adversarii,

215 2130 342 2221 judicio
371 2135 528 2200 recentior
557 2148 635 2197 aetas
667 2133 824 2199 tribuerit.
871 2131 968 2222 Quod
996 2136 1051 2199 ubi
1072 2159 1152 2225 per-

217 2251 392 2339 spicerem,
442 2252 476 2315 in
518 2265 579 2315 tota
614 2248 674 2315 hac
702 2247 921 2340 disquisitione
954 2274 991 2316 eo
1018 2255 1151 2318 maxime

218 2368 328 2446 enixus
350 2390 437 2442 sum,
464 2382 501 2430 ut
526 2388 734 2454 quaecunque
758 2364 927 2431 adventitia
950 2385 1152 2434 essenteaute

217 2505 432 2564 removerem,
456 2498 623 2571 totumque
647 2480 724 2547 illud
748 2481 897 2572 placitum
918 2507 1032 2548 emera
1045 2483 1151 2551 Stoica

219 2597 362 2665 doctrina
392 2596 567 2676 duceremg
604 2615 705 2664 cetera
738 2622 811 2664 vero
844 2598 1038 2683 singulorum
1060 2600 1149 2666 Stoi-

220 2739 330 2781 corum
361 2715 501 2801 placita,
533 2739 613 2805 qnae
646 2717 687 2779 ab
708 2714 768 2779 hae
789 2713 933 2780 doctrina
955 2715 1179 2802 aliquatenus„

215 2831 421 2914 recederent,
451 2857 491 2896 nc
517 2829 695 2901 omittendo
714 2833 747 2894 in
775 2830 913 2896 incuriae
945 2828 1066 2898 'crimen
1091 2833 1148 2897 io-

216 2948 375 3031 ciderem,
411 2950 652 3036 comparationis
691 2964 813 3013 tantum
849 2972 950 3014 caussa
973 2947 1148 3032 adderem,

215 3068 258 3129 ita
281 3082 387 3130 tamen
411 3083 448 3131 ut
471 3067 645 3155 unicuique
663 3063 752 3131 facile
774 3082 939 3156 appareat,
976 3089 1055 3154 qnae
1073 3089 1149 3151 ger·

216 3207 325 3248 manac
346 3183 470 3250 illorum
505 3182 687 3264 doetrinae,
726 3205 808 3270 quae
846 3205 912 3247 non
938 3182 970 3267 ⁴ei
1003 3183 1149 3247 tribuen-

215 3298 257 3364 da
303 3300 377 3366 sint.
449 3301 532 3364 Hinc
579 3297 630 3364 ille
669 3315 856 3387 conspectus
900 3299 994 3363 totius
1030 3298 1151 3365 Stoicae

215 3414 454 3506 philosophiae,
488 3439 554 3504 quo
590 3415 756 3481 maximam
795 3412 892 3500 hujus
927 3412 1152 3504 disquisitionis

214 3549 338 3622 partem
372 3532 528 3612 absumsi,
564 3548 600 3596 nt
632 3554 671 3595 cx
704 3552 742 3595 eo
772 3531 920 3621 sapientis
948 3530 1148 3596 informatio·

215 3673 291 3714 nem
321 3671 394 3715 vere
425 3666 457 3713 et
486 3672 553 3729 non
577 3648 636 3712 nisi
657 3671 677 3735 e
697 3646 811 3712 Stoicis
833 3642 1009 3738 praeceptis
1030 3644 1148 3711 adum-

216 3767 353 3832 brarem.
379 3767 463 3831 Hinc
488 3763 537 3828 illa
553 3744 704 3856 sapientis
723 3762 925 3846 informatiO,
951 3761 1150 3853 undeplaci-

218 3879 350 3946 tom‘de
369 3905 493 3947 summo
520 3883 625 3963 hono,
649 3878 691 3944 de
715 3878 782 3944 fine
805 3904 872 3969 quo
897 3903 1006 3946 omnes
1023 3881 1152 3971 sapien·-

219 4001 256 4064 tis
279 4001 411 4068 actiones
436 4000 566 4068 tendere
589 3995 745 4084 debeant,
772 3996 860 4087 quasi
877 4013 991 4088 sponte
1004 4011 1153 4063 manaret.
