2712 4842
618 429 682 494 265

183 614 268 679 Hine
296 611 447 703 placitum
469 589 519 678 -de
554 589 805 695 summobono,
839 629 874 678 ut
899 612 1113 705 pulcherrima

181 730 360 797 Stoicorum
380 725 569 812 similitudo,
585 754 660 818 qua
683 730 777 797 vitam
798 732 947 816 sapientis
970 755 1109 796 cumsa-

181 846 296 933 gittarii
316 869 413 937 scopo
433 862 638 937 comparant,
662 871 758 935 quam
781 869 873 912 nemo
898 849 1110 938 interpretum

174 962 268 1054 ¹quod
293 964 392 1031 vseiam
423 963 493 1026 satis
523 960 653 1028 feliciter
683 962 858 1052 explicuit,
893 962 1108 1031 illustraretur.

181 1082 267 1146 Hine
292 1077 421 1144 tandem
440 1078 617 1145 Stoicorum
642 1081 793 1144 sententia
814 1078 854 1144 de
875 1081 934 1146 vita
954 1096 1111 1161 etmorte,

181 1217 218 1266 at
247 1221 309 1286 ope
338 1198 455 1264 horum
489 1202 631 1266 omnium
667 1192 773 1293 ipsum
804 1204 957 1292 placitum
977 1203 1113 1294 περὶτῆς

182 1324 297 1412 εὐλόγου
323 1320 469 1413 ἐξαγωγῆς
494 1323 702 1412 explicaretur
727 1339 759 1388 ct
783 1347 853 1389 vera
876 1322 967 1406 luce,
989 1325 1116 1410 rejectis

183 1440 358 1508 adventitiis
382 1442 548 1523 omnibus,
584 1457 840 1532 proponeretur,
869 1438 1026 1529 simulque
1049 1465 1113 1532 ap-

182 1575 306 1651 pareret
338 1581 445 1624 omnes
467 1557 606 1638 Stoicos,
630 1557 686 1645 qui
711 1579 822 1622 manus
843 1557 904 1621 sibi
931 1555 1116 1638 intulerint,

183 1678 287 1766 potius
319 1699 390 1741 suae
421 1689 548 1739 naturae
577 1671 750 1763 impulsum
787 1697 884 1761 quam
904 1672 1024 1739 Stoicae
1049 1669 1142 1763 dog

175 1781 303 1859 ‘ctrinac
325 1807 488 1883 praecepta
509 1813 572 1854 esse
592 1805 721 1855 secutos
743 1814 746 1821 ⁴

227 1910 340 1999 Quum
361 1909 458 1995 igitur
478 1931 496 1971 c
518 1900 622 1974 Stoica
637 1902 843 1996 *philosophia
867 1919 1036 1995 appareat,
1060 1927 1114 1969 sa-
1187 1893 1197 1913 ’

160 2027 285 2116 *pienti
322 2024 369 2091 vel
400 2025 530 2090 honeste
555 2019 727 2088 vivendum
752 2020 800 2088 vel
824 2019 953 2086 honeste
973 2022 1114 2087 morien-

185 2146 263 2212 dum
286 2169 369 2226 esse,
392 2148 491 2236 ipsam
514 2145 629 2235 calopus
655 2143 833 2236 ἐξαγωγήν,
861 2148 993 2237 quaein
1014 2146 1115 2213 solum

185 2265 355 2354 sapientem
385 2260 496 2328 cadere
517 2280 638 2354 potest,
671 2286 847 2351 numquam
869 2260 1116 2353 desperationis,

184 2381 346 2467 ignaviae,
379 2404 444 2445 nun
466 2380 605 2471 expletae
628 2380 827 2462 ambitionis,
855 2378 995 2443 frustrati
1020 2405 1112 2445 anm-
1154 2410 1158 2414 ·

183 2500 248 2579 ris,
271 2496 442 2562 liberorum
467 2495 634 2562 aliorumve
662 2493 921 2584 propinquorum
947 2495 1114 2562 velrerum

182 2631 382 2678 externarum
403 2612 592 2690 amissionis,
626 2634 667 2674 nc
686 2608 801 2676 doloris
825 2609 955 2699 quidem
977 2627 1009 2676 et
1030 2636 1114 2702 pau·

182 2732 310 2820 per-tatis
343 2727 583 2793 delinimentum
622 2726 668 2792 vel
702 2725 894 2803 remedium,
933 2725 988 2792 aed
1023 2726 1115 2793 solius

183 2848 305 2912 virtutis
328 2844 520 2937 praesidium
539 2868 602 2911 esse
624 2842 811 2927 dicendam3
837 2841 877 2908 (le
900 2868 966 2909 uno
987 2844 1115 2912 tandem

183 2967 353 3046 Catone,
387 2987 484 3054 quem
503 2961 601 3027 Stoici
625 2959 805 3049 perfectum
821 2960 992 3050 sapientem
1018 2984 1114 3048 prae-

182 3079 351 3160 dicarunt,
388 3080 496 3168 quaeri
530 3093 632 3168 potest
662 3101 741 3140 unm
771 3099 788 3140 e
815 3075 935 3151 Stoicae
955 3074 1116 3142 doctrinae

182 3198 347 3289 principiis
369 3197 475 3262 mortis
499 3195 559 3260 sibi
588 3189 823 3259 consciscendae
845 3193 959 3278 justam
979 3216 1115 3260 caussam

182 3316 334 3380 invenisse
363 3312 521 3395 videatur3
561 3333 640 3401 quae
673 3307 861 3398 disquisiti0,
897 3334 998 3399 quum
1025 3334 1114 3377 nunc

181 3429 332 3514 demum,
357 3432 425 3521 ipso
445 3427 569 3522 placito¹
583 3426 743 3518 exposito,
778 3425 836 3489 rite
856 3426 972 3492 absolvi
995 3427 1113 3515 possit,

181 3572 248 3618 cam
269 3547 430 3636 singularis
464 3546 572 3638 eapitis
602 3558 821 3630 argumentum
845 3541 924 3609 mihi
949 3543 1112 3634 proposui.

588 3827 717 3848 m
747 3842 750 3847 ,
