<?xml version="1.0" encoding="UTF-8"?>
<!DOCTYPE html PUBLIC "-//W3C//DTD XHTML 1.0 Transitional//EN"
    "http://www.w3.org/TR/xhtml1/DTD/xhtml1-transitional.dtd">
<html xmlns="http://www.w3.org/1999/xhtml" xml:lang="en" lang="en">
 <head>
  <title>
</title>
<meta http-equiv="Content-Type" content="text/html;charset=utf-8" />
  <meta name='ocr-system' content='tesseract 3.04.00' />
  <meta name='ocr-capabilities' content='ocr_page ocr_carea ocr_par ocr_line ocrx_word'/>
</head>
<body>
  <div class='ocr_page' id='page_1' title='image "./periteseulogoue00baumgoog_0236.png"; bbox 0 0 2712 4842; ppageno 0'>
   <div class='ocr_carea' id='block_1_1' title="bbox 605 398 669 477">
    <p class='ocr_par' dir='ltr' id='par_1_1' title="bbox 605 398 669 477">
     <span class='ocr_line' id='line_1_1' title="bbox 605 398 669 477; baseline 0 0"><span class='ocrx_word' id='word_1_1' title='bbox 605 398 669 477; x_wconf 78' lang='lat'><strong>223</strong></span> 
     </span>
    </p>
   </div>
   <div class='ocr_carea' id='block_1_2' title="bbox 97 577 1105 2655">
    <p class='ocr_par' dir='ltr' id='par_1_2' title="bbox 97 577 1105 1955">
     <span class='ocr_line' id='line_1_2' title="bbox 166 577 1097 668; baseline 0.002 -24"><span class='ocrx_word' id='word_1_2' title='bbox 166 602 258 665; x_wconf 76' lang='lat' dir='ltr'><strong>agens</strong></span> <span class='ocrx_word' id='word_1_3' title='bbox 284 577 347 667; x_wconf 80' lang='lat'><strong>(¹),</strong></span> <span class='ocrx_word' id='word_1_4' title='bbox 382 605 483 668; x_wconf 70' lang='lat' dir='ltr'><strong>quem</strong></span> <span class='ocrx_word' id='word_1_5' title='bbox 506 578 624 655; x_wconf 71' lang='lat' dir='ltr'><strong>mediet</strong></span> <span class='ocrx_word' id='word_1_6' title='bbox 660 605 758 662; x_wconf 86' lang='lat' dir='ltr'><strong>enm,</strong></span> <span class='ocrx_word' id='word_1_7' title='bbox 793 580 915 668; x_wconf 77' lang='lat' dir='ltr'><strong>linguae</strong></span> <span class='ocrx_word' id='word_1_8' title='bbox 947 578 1097 662; x_wconf 82' lang='lat' dir='ltr'><strong>vulnere,</strong></span> 
     </span>
     <span class='ocr_line' id='line_1_3' title="bbox 166 696 1103 791; baseline 0.003 -30"><span class='ocrx_word' id='word_1_9' title='bbox 166 705 206 761; x_wconf 76' lang='lat' dir='ltr'><strong>nt</strong></span> <span class='ocrx_word' id='word_1_10' title='bbox 230 696 427 770; x_wconf 69' lang='lat' dir='ltr'><strong>Stobeeus.</strong></span> <span class='ocrx_word' id='word_1_11' title='bbox 446 697 515 785; x_wconf 77' lang='lat'>(²),</span> <span class='ocrx_word' id='word_1_12' title='bbox 536 696 706 791; x_wconf 70' lang='lat' dir='ltr'><strong>putredine</strong></span> <span class='ocrx_word' id='word_1_13' title='bbox 732 700 892 786; x_wconf 70' lang='lat' dir='ltr'><strong>gingivae,</strong></span> <span class='ocrx_word' id='word_1_14' title='bbox 916 713 953 769; x_wconf 90' lang='lat' dir='ltr'><strong>ut</strong></span> <span class='ocrx_word' id='word_1_15' title='bbox 980 702 1103 771; x_wconf 65' lang='lat' dir='ltr'><strong>Laer-</strong></span> 
     </span>
     <span class='ocr_line' id='line_1_4' title="bbox 97 812 1103 900; baseline 0.004 -24"><span class='ocrx_word' id='word_1_16' title='bbox 97 814 102 825; x_wconf 86' lang='lat'>&#39;</span> <span class='ocrx_word' id='word_1_17' title='bbox 169 815 261 896; x_wconf 86' lang='lat' dir='ltr'><strong>tius,</strong></span> <span class='ocrx_word' id='word_1_18' title='bbox 288 814 399 881; x_wconf 82' lang='lat' dir='ltr'><strong>tubere</strong></span> <span class='ocrx_word' id='word_1_19' title='bbox 422 815 456 879; x_wconf 92' lang='lat' dir='ltr'><strong>in</strong></span> <span class='ocrx_word' id='word_1_20' title='bbox 477 812 581 900; x_wconf 82' lang='lat' dir='ltr'><strong>inhio,</strong></span> <span class='ocrx_word' id='word_1_21' title='bbox 607 833 643 881; x_wconf 89' lang='lat' dir='ltr'><strong>ut</strong></span> <span class='ocrx_word' id='word_1_22' title='bbox 664 817 867 882; x_wconf 85' lang='lat' dir='ltr'><strong>Lucienus</strong></span> <span class='ocrx_word' id='word_1_23' title='bbox 884 812 993 896; x_wconf 76' lang='lat' dir='ltr'><strong>refert,</strong></span> <span class='ocrx_word' id='word_1_24' title='bbox 1012 813 1103 880; x_wconf 84' lang='lat' dir='ltr'><strong>labo-</strong></span> 
     </span>
     <span class='ocr_line' id='line_1_5' title="bbox 167 930 1103 1021; baseline -0.001 -26"><span class='ocrx_word' id='word_1_25' title='bbox 167 945 310 1011; x_wconf 77' lang='lat' dir='ltr'><strong>nanmm,</strong></span> <span class='ocrx_word' id='word_1_26' title='bbox 333 931 474 1021; x_wconf 87' lang='lat' dir='ltr'><strong>primum</strong></span> <span class='ocrx_word' id='word_1_27' title='bbox 494 932 567 998; x_wconf 90' lang='lat' dir='ltr'><strong>cibo</strong></span> <span class='ocrx_word' id='word_1_28' title='bbox 592 933 748 1001; x_wconf 85' lang='lat' dir='ltr'><strong>abstinere</strong></span> <span class='ocrx_word' id='word_1_29' title='bbox 766 931 941 1019; x_wconf 88' lang='lat' dir='ltr'><strong>jussissent,</strong></span> <span class='ocrx_word' id='word_1_30' title='bbox 963 930 1103 1021; x_wconf 91' lang='lat' dir='ltr'><strong>postbi-</strong></span> 
     </span>
     <span class='ocr_line' id='line_1_6' title="bbox 169 1042 1104 1128; baseline 0.001 -19"><span class='ocrx_word' id='word_1_31' title='bbox 169 1042 272 1113; x_wconf 86' lang='lat' dir='ltr'><strong>duum</strong></span> <span class='ocrx_word' id='word_1_32' title='bbox 292 1048 321 1110; x_wconf 89' lang='lat' dir='ltr'><strong>ei</strong></span> <span class='ocrx_word' id='word_1_33' title='bbox 344 1046 452 1112; x_wconf 90' lang='lat' dir='ltr'><strong>melius</strong></span> <span class='ocrx_word' id='word_1_34' title='bbox 474 1047 604 1113; x_wconf 87' lang='lat' dir='ltr'>habenti</span> <span class='ocrx_word' id='word_1_35' title='bbox 638 1049 703 1114; x_wconf 91' lang='lat' dir='ltr'><strong>cibi</strong></span> <span class='ocrx_word' id='word_1_36' title='bbox 734 1070 825 1115; x_wconf 87' lang='lat' dir='ltr'><strong>nsum</strong></span> <span class='ocrx_word' id='word_1_37' title='bbox 857 1047 1104 1128; x_wconf 72' lang='lat' dir='ltr'><strong>concessissent,</strong></span> 
     </span>
     <span class='ocr_line' id='line_1_7' title="bbox 168 1161 1101 1255; baseline 0.003 -29"><span class='ocrx_word' id='word_1_38' title='bbox 168 1163 337 1240; x_wconf 77' lang='lat' dir='ltr'><strong>abstinere¹</strong></span> <span class='ocrx_word' id='word_1_39' title='bbox 360 1161 537 1231; x_wconf 87' lang='lat' dir='ltr'><strong>secundum</strong></span> <span class='ocrx_word' id='word_1_40' title='bbox 559 1166 783 1247; x_wconf 67' lang='lat' dir='ltr'><strong>Leontium,</strong></span> <span class='ocrx_word' id='word_1_41' title='bbox 806 1166 957 1255; x_wconf 88' lang='lat' dir='ltr'><strong>perrexit,</strong></span> <span class='ocrx_word' id='word_1_42' title='bbox 981 1162 1101 1244; x_wconf 87' lang='lat' dir='ltr'><strong>dicens,</strong></span> 
     </span>
     <span class='ocr_line' id='line_1_8' title="bbox 168 1279 1102 1371; baseline 0.003 -28"><span class='ocrx_word' id='word_1_43' title='bbox 168 1303 200 1343; x_wconf 86' lang='lat' dir='ltr'><strong>se</strong></span> <span class='ocrx_word' id='word_1_44' title='bbox 232 1280 340 1344; x_wconf 85' lang='lat' dir='ltr'><strong>mortis</strong></span> <span class='ocrx_word' id='word_1_45' title='bbox 361 1282 444 1349; x_wconf 84' lang='lat' dir='ltr'><strong>viam</strong></span> <span class='ocrx_word' id='word_1_46' title='bbox 463 1282 660 1368; x_wconf 77' lang='lat' dir='ltr'><strong>ingressum,</strong></span> <span class='ocrx_word' id='word_1_47' title='bbox 696 1305 803 1371; x_wconf 86' lang='lat' dir='ltr'><strong>quum</strong></span> <span class='ocrx_word' id='word_1_48' title='bbox 817 1282 987 1371; x_wconf 77' lang='lat' dir='ltr'><strong>maximam</strong></span> <span class='ocrx_word' id='word_1_49' title='bbox 1004 1279 1102 1368; x_wconf 83' lang='lat' dir='ltr'><strong>hujus</strong></span> 
     </span>
     <span class='ocr_line' id='line_1_9' title="bbox 167 1396 1097 1485; baseline 0.002 -24"><span class='ocrx_word' id='word_1_50' title='bbox 167 1397 292 1461; x_wconf 82' lang='lat' dir='ltr'><strong>itineris</strong></span> <span class='ocrx_word' id='word_1_51' title='bbox 322 1414 447 1485; x_wconf 78' lang='lat' dir='ltr'><strong>partem</strong></span> <span class='ocrx_word' id='word_1_52' title='bbox 475 1400 545 1484; x_wconf 81' lang='lat' dir='ltr'><strong>jam</strong></span> <span class='ocrx_word' id='word_1_53' title='bbox 580 1397 785 1480; x_wconf 77' lang='lat' dir='ltr'><strong>coniecisset,</strong></span> <span class='ocrx_word' id='word_1_54' title='bbox 830 1396 912 1465; x_wconf 87' lang='lat' dir='ltr'><strong>nolle</strong></span> <span class='ocrx_word' id='word_1_55' title='bbox 957 1397 1097 1481; x_wconf 77' lang='lat' dir='ltr'><strong>reverti3</strong></span> 
     </span>
     <span class='ocr_line' id='line_1_10' title="bbox 169 1513 1102 1605; baseline 0.006 -26"><span class='ocrx_word' id='word_1_56' title='bbox 169 1514 368 1580; x_wconf 73' lang='lat' dir='ltr'><strong>Lucia-nus</strong></span> <span class='ocrx_word' id='word_1_57' title='bbox 388 1536 464 1582; x_wconf 85' lang='lat' dir='ltr'><strong>vero</strong></span> <span class='ocrx_word' id='word_1_58' title='bbox 483 1513 575 1583; x_wconf 72' lang='lat' dir='ltr'><strong>addit</strong></span> <span class='ocrx_word' id='word_1_59' title='bbox 593 1513 854 1596; x_wconf 76' lang='lat' dir='ltr'><strong>Cleanthem,</strong></span> <span class='ocrx_word' id='word_1_60' title='bbox 872 1516 1102 1605; x_wconf 80' lang='lat' dir='ltr'><strong>jamsuscepto</strong></span> 
     </span>
     <span class='ocr_line' id='line_1_11' title="bbox 170 1627 1102 1722; baseline 0.003 -28"><span class='ocrx_word' id='word_1_61' title='bbox 170 1628 326 1707; x_wconf 84' lang='lat' dir='ltr'><strong>moriendi</strong></span> <span class='ocrx_word' id='word_1_62' title='bbox 347 1631 494 1714; x_wconf 74' lang='lat' dir='ltr'><strong>consilio„</strong></span> <span class='ocrx_word' id='word_1_63' title='bbox 518 1657 621 1719; x_wconf 82' lang='lat' dir='ltr'><strong>quum</strong></span> <span class='ocrx_word' id='word_1_64' title='bbox 641 1631 884 1719; x_wconf 83' lang='lat' dir='ltr'><strong>supervenirent</strong></span> <span class='ocrx_word' id='word_1_65' title='bbox 907 1632 967 1722; x_wconf 88' lang='lat' dir='ltr'><strong>ipsi</strong></span> <span class='ocrx_word' id='word_1_66' title='bbox 980 1627 1102 1702; x_wconf 83' lang='lat' dir='ltr'><strong>asede-</strong></span> 
     </span>
     <span class='ocr_line' id='line_1_12' title="bbox 168 1746 1105 1837; baseline 0.005 -25"><span class='ocrx_word' id='word_1_67' title='bbox 168 1746 251 1812; x_wconf 83' lang='lat' dir='ltr'><strong>libus</strong></span> <span class='ocrx_word' id='word_1_68' title='bbox 284 1746 481 1837; x_wconf 83' lang='lat' dir='ltr'><strong>quibusdam</strong></span> <span class='ocrx_word' id='word_1_69' title='bbox 509 1748 635 1834; x_wconf 85' lang='lat' dir='ltr'><strong>literae,</strong></span> <span class='ocrx_word' id='word_1_70' title='bbox 671 1751 743 1823; x_wconf 86' lang='lat' dir='ltr'><strong>cibo</strong></span> <span class='ocrx_word' id='word_1_71' title='bbox 777 1764 916 1825; x_wconf 78' lang='lat' dir='ltr'><strong>assumto</strong></span> <span class='ocrx_word' id='word_1_72' title='bbox 926 1798 939 1833; x_wconf 18' lang='lat'><strong>,¹</strong></span> <span class='ocrx_word' id='word_1_73' title='bbox 960 1749 1105 1835; x_wconf 85' lang='lat' dir='ltr'><strong>primum</strong></span> 
     </span>
     <span class='ocr_line' id='line_1_13' title="bbox 170 1862 770 1955; baseline 0 -25"><span class='ocrx_word' id='word_1_74' title='bbox 170 1862 335 1952; x_wconf 85' lang='lat' dir='ltr'><strong>perfecisse</strong></span> <span class='ocrx_word' id='word_1_75' title='bbox 356 1890 436 1955; x_wconf 77' lang='lat' dir='ltr'><strong>quae</strong></span> <span class='ocrx_word' id='word_1_76' title='bbox 456 1867 550 1933; x_wconf 88' lang='lat' dir='ltr'><strong>amici</strong></span> <span class='ocrx_word' id='word_1_77' title='bbox 570 1881 770 1952; x_wconf 58' lang='lat' dir='ltr'><strong>rogaverunt„</strong></span> 
     </span>
    </p>

    <p class='ocr_par' dir='ltr' id='par_1_3' title="bbox 165 1980 1103 2655">
     <span class='ocr_line' id='line_1_14' title="bbox 215 1980 1099 2073; baseline -0.001 -26"><span class='ocrx_word' id='word_1_78' title='bbox 215 1981 427 2047; x_wconf 82' lang='lat' dir='ltr'><strong>Communem</strong></span> <span class='ocrx_word' id='word_1_79' title='bbox 436 1981 616 2049; x_wconf 81' lang='lat' dir='ltr'><strong>Stoicorum</strong></span> <span class='ocrx_word' id='word_1_80' title='bbox 627 1983 814 2055; x_wconf 86' lang='lat' dir='ltr'><strong>sententiam</strong></span> <span class='ocrx_word' id='word_1_81' title='bbox 823 1997 958 2064; x_wconf 90' lang='lat' dir='ltr'><strong>secutus,</strong></span> <span class='ocrx_word' id='word_1_82' title='bbox 971 1980 1099 2073; x_wconf 73' lang='lat' dir='ltr'><strong>Chry-</strong></span> 
     </span>
     <span class='ocr_line' id='line_1_15' title="bbox 168 2098 1102 2189; baseline 0 -28"><span class='ocrx_word' id='word_1_83' title='bbox 168 2100 304 2189; x_wconf 87' lang='lat' dir='ltr'><strong>sippus</strong></span> <span class='ocrx_word' id='word_1_84' title='bbox 335 2099 457 2163; x_wconf 84' lang='lat' dir='ltr'><strong>censuit</strong></span> <span class='ocrx_word' id='word_1_85' title='bbox 479 2099 675 2189; x_wconf 81' lang='lat' dir='ltr'><strong>sapientibus</strong></span> <span class='ocrx_word' id='word_1_86' title='bbox 698 2099 855 2188; x_wconf 86' lang='lat' dir='ltr'><strong>optimum</strong></span> <span class='ocrx_word' id='word_1_87' title='bbox 878 2118 1029 2165; x_wconf 80' lang='lat' dir='ltr'><strong>essenon</strong></span> <span class='ocrx_word' id='word_1_88' title='bbox 1051 2098 1102 2162; x_wconf 87' lang='lat' dir='ltr'><strong>vi-</strong></span> 
     </span>
     <span class='ocr_line' id='line_1_16' title="bbox 168 2214 1103 2295; baseline -0.001 -14"><span class='ocrx_word' id='word_1_89' title='bbox 168 2240 262 2295; x_wconf 85' lang='lat' dir='ltr'><strong>vere,</strong></span> <span class='ocrx_word' id='word_1_90' title='bbox 294 2214 396 2280; x_wconf 85' lang='lat' dir='ltr'><strong>stultis</strong></span> <span class='ocrx_word' id='word_1_91' title='bbox 426 2238 499 2283; x_wconf 86' lang='lat' dir='ltr'><strong>vero</strong></span> <span class='ocrx_word' id='word_1_92' title='bbox 522 2216 689 2281; x_wconf 85' lang='lat' dir='ltr'><strong>convenire</strong></span> <span class='ocrx_word' id='word_1_93' title='bbox 718 2231 760 2291; x_wconf 63' lang='lat' dir='ltr'><strong>ut,</strong></span> <span class='ocrx_word' id='word_1_94' title='bbox 786 2215 822 2279; x_wconf 92' lang='lat' dir='ltr'><strong>in</strong></span> <span class='ocrx_word' id='word_1_95' title='bbox 851 2215 911 2281; x_wconf 89' lang='lat' dir='ltr'><strong>vita</strong></span> <span class='ocrx_word' id='word_1_96' title='bbox 933 2229 1081 2285; x_wconf 83' lang='lat' dir='ltr'><strong>maneant</strong></span> <span class='ocrx_word' id='word_1_97' title='bbox 1091 2242 1103 2287; x_wconf 63' lang='lat' dir='ltr'><strong>a,</strong></span> 
     </span>
     <span class='ocr_line' id='line_1_17' title="bbox 168 2330 1100 2413; baseline -0.003 -16"><span class='ocrx_word' id='word_1_98' title='bbox 168 2336 316 2398; x_wconf 83' lang='lat' dir='ltr'><strong>virtutem</strong></span> <span class='ocrx_word' id='word_1_99' title='bbox 348 2334 435 2399; x_wconf 87' lang='lat' dir='ltr'><strong>enim</strong></span> <span class='ocrx_word' id='word_1_100' title='bbox 467 2335 589 2399; x_wconf 85' lang='lat' dir='ltr'><strong>nudem</strong></span> <span class='ocrx_word' id='word_1_101' title='bbox 614 2331 654 2399; x_wconf 87' lang='lat' dir='ltr'><strong>ad</strong></span> <span class='ocrx_word' id='word_1_102' title='bbox 682 2330 857 2399; x_wconf 86' lang='lat' dir='ltr'><strong>vivendum</strong></span> <span class='ocrx_word' id='word_1_103' title='bbox 879 2331 959 2396; x_wconf 86' lang='lat' dir='ltr'><strong>nihil</strong></span> <span class='ocrx_word' id='word_1_104' title='bbox 976 2331 1100 2413; x_wconf 76' lang='lat' dir='ltr'><strong>facere„</strong></span> 
     </span>
     <span class='ocr_line' id='line_1_18' title="bbox 167 2447 1100 2537; baseline -0.001 -22"><span class='ocrx_word' id='word_1_105' title='bbox 167 2473 228 2517; x_wconf 89' lang='lat' dir='ltr'><strong>nec</strong></span> <span class='ocrx_word' id='word_1_106' title='bbox 253 2450 324 2515; x_wconf 76' lang='lat' dir='ltr'><strong>vitia</strong></span> <span class='ocrx_word' id='word_1_107' title='bbox 347 2465 377 2512; x_wconf 88' lang='lat' dir='ltr'><strong>et</strong></span> <span class='ocrx_word' id='word_1_108' title='bbox 395 2472 558 2523; x_wconf 78' lang='lat' dir='ltr'><strong>aerumnas</strong></span> <span class='ocrx_word' id='word_1_109' title='bbox 583 2448 699 2537; x_wconf 84' lang='lat' dir='ltr'><strong>quibus</strong></span> <span class='ocrx_word' id='word_1_110' title='bbox 719 2447 894 2519; x_wconf 85' lang='lat' dir='ltr'><strong>laboramus</strong></span> <span class='ocrx_word' id='word_1_111' title='bbox 916 2447 1009 2514; x_wconf 90' lang='lat' dir='ltr'><strong>ullius</strong></span> <span class='ocrx_word' id='word_1_112' title='bbox 1026 2471 1100 2514; x_wconf 92' lang='lat' dir='ltr'><strong>mo-</strong></span> 
     </span>
     <span class='ocr_line' id='line_1_19' title="bbox 165 2561 1102 2655; baseline -0.002 -25"><span class='ocrx_word' id='word_1_113' title='bbox 165 2566 265 2631; x_wconf 85' lang='lat' dir='ltr'><strong>menti</strong></span> <span class='ocrx_word' id='word_1_114' title='bbox 287 2588 349 2629; x_wconf 87' lang='lat' dir='ltr'><strong>esse</strong></span> <span class='ocrx_word' id='word_1_115' title='bbox 371 2562 411 2628; x_wconf 84' lang='lat' dir='ltr'><strong>ad</strong></span> <span class='ocrx_word' id='word_1_116' title='bbox 435 2566 531 2629; x_wconf 85' lang='lat' dir='ltr'><strong>vitam</strong></span> <span class='ocrx_word' id='word_1_117' title='bbox 556 2561 799 2655; x_wconf 84' lang='lat' dir='ltr'><strong>deponendam3</strong></span> <span class='ocrx_word' id='word_1_118' title='bbox 826 2590 923 2654; x_wconf 88' lang='lat' dir='ltr'><strong>quam</strong></span> <span class='ocrx_word' id='word_1_119' title='bbox 940 2569 1007 2652; x_wconf 90' lang='lat' dir='ltr'><strong>ejus</strong></span> <span class='ocrx_word' id='word_1_120' title='bbox 1025 2588 1102 2633; x_wconf 89' lang='lat' dir='ltr'><strong>sen-</strong></span> 
     </span>
    </p>
   </div>
   <div class='ocr_carea' id='block_1_3' title="bbox 161 2688 1104 3524">
    <p class='ocr_par' dir='ltr' id='par_1_4' title="bbox 161 2688 1104 3524">
     <span class='ocr_line' id='line_1_20' title="bbox 166 2688 1101 2782; baseline -0.002 -25"><span class='ocrx_word' id='word_1_121' title='bbox 166 2694 296 2758; x_wconf 82' lang='lat' dir='ltr'><strong>tentiam</strong></span> <span class='ocrx_word' id='word_1_122' title='bbox 319 2717 358 2757; x_wconf 82' lang='lat' dir='ltr'><strong>ex</strong></span> <span class='ocrx_word' id='word_1_123' title='bbox 382 2693 478 2782; x_wconf 88' lang='lat' dir='ltr'><strong>ipsius</strong></span> <span class='ocrx_word' id='word_1_124' title='bbox 501 2691 584 2759; x_wconf 88' lang='lat' dir='ltr'><strong>libro</strong></span> <span class='ocrx_word' id='word_1_125' title='bbox 604 2688 669 2781; x_wconf 81' lang='grc' dir='ltr'><em>περὶ</em></span> <span class='ocrx_word' id='word_1_126' title='bbox 696 2695 745 2755; x_wconf 80' lang='grc' dir='ltr'><strong>τοῦ</strong></span> <span class='ocrx_word' id='word_1_127' title='bbox 784 2690 991 2781; x_wconf 78' lang='grc' dir='ltr'><em>προτρέπεσθαι</em></span> <span class='ocrx_word' id='word_1_128' title='bbox 1032 2718 1101 2763; x_wconf 82' lang='lat' dir='ltr'><strong>ser-</strong></span> 
     </span>
     <span class='ocr_line' id='line_1_21' title="bbox 164 2807 1101 2904; baseline 0 -28"><span class='ocrx_word' id='word_1_129' title='bbox 164 2812 247 2876; x_wconf 84' lang='lat' dir='ltr'><strong>vavit</strong></span> <span class='ocrx_word' id='word_1_130' title='bbox 270 2808 517 2877; x_wconf 78' lang='lat' dir='ltr'><strong>Plutarchus</strong></span> <span class='ocrx_word' id='word_1_131' title='bbox 539 2807 604 2896; x_wconf 74' lang='lat'>(³),</span> <span class='ocrx_word' id='word_1_132' title='bbox 629 2809 699 2897; x_wconf 87' lang='lat' dir='ltr'><strong>qui,</strong></span> <span class='ocrx_word' id='word_1_133' title='bbox 725 2823 760 2873; x_wconf 86' lang='lat' dir='ltr'><strong>ut</strong></span> <span class='ocrx_word' id='word_1_134' title='bbox 783 2808 1006 2901; x_wconf 82' lang='lat' dir='ltr'><strong>Chrysippi</strong></span> <span class='ocrx_word' id='word_1_135' title='bbox 1027 2811 1101 2904; x_wconf 84' lang='lat' dir='ltr'><strong>pla-</strong></span> 
     </span>
     <span class='ocr_line' id='line_1_22' title="bbox 165 2925 1102 3016; baseline 0.001 -23"><span class='ocrx_word' id='word_1_136' title='bbox 165 2929 263 2993; x_wconf 90' lang='lat' dir='ltr'><strong>citum</strong></span> <span class='ocrx_word' id='word_1_137' title='bbox 300 2925 419 2993; x_wconf 87' lang='lat' dir='ltr'><strong>refellat</strong></span> <span class='ocrx_word' id='word_1_138' title='bbox 455 2949 595 3016; x_wconf 88' lang='lat' dir='ltr'><strong>eumque</strong></span> <span class='ocrx_word' id='word_1_139' title='bbox 629 2926 689 2989; x_wconf 91' lang='lat' dir='ltr'><strong>sibi</strong></span> <span class='ocrx_word' id='word_1_140' title='bbox 726 2949 905 3016; x_wconf 84' lang='lat' dir='ltr'><strong>repugnare</strong></span> <span class='ocrx_word' id='word_1_141' title='bbox 936 2927 1102 3011; x_wconf 85' lang='lat' dir='ltr'><strong>ostendat,</strong></span> 
     </span>
     <span class='ocr_line' id='line_1_23' title="bbox 163 3046 1102 3145; baseline -0.006 -22"><span class='ocrx_word' id='word_1_142' title='bbox 163 3081 211 3123; x_wconf 78' lang='lat' dir='ltr'><strong>en·</strong></span> <span class='ocrx_word' id='word_1_143' title='bbox 230 3053 341 3145; x_wconf 69' lang='lat' dir='ltr'><strong>eodem</strong></span> <span class='ocrx_word' id='word_1_144' title='bbox 377 3054 440 3121; x_wconf 88' lang='lat' dir='ltr'><strong>hoe</strong></span> <span class='ocrx_word' id='word_1_145' title='bbox 469 3052 555 3119; x_wconf 82' lang='lat' dir='ltr'><strong>libro</strong></span> <span class='ocrx_word' id='word_1_146' title='bbox 588 3051 666 3118; x_wconf 86' lang='lat' dir='ltr'><strong>haec</strong></span> <span class='ocrx_word' id='word_1_147' title='bbox 701 3054 769 3138; x_wconf 89' lang='lat' dir='ltr'><strong>ejus</strong></span> <span class='ocrx_word' id='word_1_148' title='bbox 788 3052 890 3121; x_wconf 69' lang='lat' dir='ltr'><strong>verba,</strong></span> <span class='ocrx_word' id='word_1_149' title='bbox 905 3048 1020 3120; x_wconf 79' lang='lat' dir='ltr'><strong>addit:</strong></span> <span class='ocrx_word' id='word_1_150' title='bbox 1046 3046 1102 3118; x_wconf 83' lang='lat' dir='ltr'><strong>’Er</strong></span> 
     </span>
     <span class='ocr_line' id='line_1_24' title="bbox 162 3170 1104 3275; baseline -0.003 -29"><span class='ocrx_word' id='word_1_151' title='bbox 162 3182 259 3254; x_wconf 68' lang='grc' dir='ltr'>αὐτοῖς</span> <span class='ocrx_word' id='word_1_152' title='bbox 286 3180 393 3254; x_wconf 62' lang='lat' dir='ltr'><strong>etone</strong></span> <span class='ocrx_word' id='word_1_153' title='bbox 418 3178 487 3245; x_wconf 70' lang='lat' dir='ltr'><strong>nori</strong></span> <span class='ocrx_word' id='word_1_154' title='bbox 512 3177 565 3266; x_wconf 81' lang='grc' dir='ltr'><strong>μὲν</strong></span> <span class='ocrx_word' id='word_1_155' title='bbox 591 3183 640 3243; x_wconf 85' lang='grc' dir='ltr'><strong>τοῦ</strong></span> <span class='ocrx_word' id='word_1_156' title='bbox 664 3170 860 3250; x_wconf 80' lang='grc' dir='ltr'><strong>Ἀντισθένους</strong></span> <span class='ocrx_word' id='word_1_157' title='bbox 885 3175 1010 3275; x_wconf 72' lang='grc' dir='ltr'><em>ἐπαινῶν</em></span> <span class='ocrx_word' id='word_1_158' title='bbox 1024 3202 1104 3268; x_wconf 84' lang='grc' dir='ltr'><em>προ-</em></span> 
     </span>
     <span class='ocr_line' id='line_1_25' title="bbox 161 3299 1101 3398; baseline -0.002 -26"><span class='ocrx_word' id='word_1_159' title='bbox 161 3310 275 3398; x_wconf 63' lang='grc' dir='ltr'><strong>φέρεται</strong></span> <span class='ocrx_word' id='word_1_160' title='bbox 321 3308 353 3372; x_wconf 86' lang='grc' dir='ltr'><strong>τὸ</strong></span> <span class='ocrx_word' id='word_1_161' title='bbox 395 3308 466 3377; x_wconf 75' lang='grc' dir='ltr'><strong>Δεῖν</strong></span> <span class='ocrx_word' id='word_1_162' title='bbox 506 3303 631 3371; x_wconf 74' lang='grc' dir='ltr'>κτᾶσθαι</span> <span class='ocrx_word' id='word_1_163' title='bbox 671 3309 734 3368; x_wconf 77' lang='grc' dir='ltr'><em>νοῦν</em></span> <span class='ocrx_word' id='word_1_164' title='bbox 775 3303 793 3374; x_wconf 75' lang='grc' dir='ltr'>ἢ</span> <span class='ocrx_word' id='word_1_165' title='bbox 823 3299 944 3393; x_wconf 64' lang='grc' dir='ltr'>βρόχονῒ</span> <span class='ocrx_word' id='word_1_166' title='bbox 977 3302 1025 3372; x_wconf 79' lang='grc' dir='ltr'><strong>καὶ</strong></span> <span class='ocrx_word' id='word_1_167' title='bbox 1052 3310 1101 3371; x_wconf 81' lang='grc' dir='ltr'><strong>τοῦ</strong></span> 
     </span>
     <span class='ocr_line' id='line_1_26' title="bbox 164 3433 363 3524; baseline -0.01 -25"><span class='ocrx_word' id='word_1_168' title='bbox 164 3434 305 3524; x_wconf 69' lang='grc' dir='ltr'><em>Τυρταίου</em></span> <span class='ocrx_word' id='word_1_169' title='bbox 332 3433 363 3497; x_wconf 89' lang='grc' dir='ltr'><strong>τὸ</strong></span> 
     </span>
    </p>
   </div>
   <div class='ocr_carea' id='block_1_4' title="bbox 160 3654 1104 4020">
    <p class='ocr_par' dir='ltr' id='par_1_5' title="bbox 160 3654 1104 4020">
     <span class='ocr_line' id='line_1_27' title="bbox 198 3654 1101 3728; baseline -0.002 -14"><span class='ocrx_word' id='word_1_170' title='bbox 198 3663 226 3728; x_wconf 68' lang='lat'><strong>(1)</strong></span> <span class='ocrx_word' id='word_1_171' title='bbox 244 3668 276 3717; x_wconf 87' lang='lat' dir='ltr'><strong>D.</strong></span> <span class='ocrx_word' id='word_1_172' title='bbox 303 3667 333 3716; x_wconf 85' lang='lat' dir='ltr'><strong>L.</strong></span> <span class='ocrx_word' id='word_1_173' title='bbox 361 3665 414 3723; x_wconf 81' lang='lat' dir='ltr'>VII,</span> <span class='ocrx_word' id='word_1_174' title='bbox 446 3662 464 3725; x_wconf 58' lang='lat'>5</span> <span class='ocrx_word' id='word_1_175' title='bbox 492 3658 551 3711; x_wconf 78' lang='lat' dir='ltr'><strong>tto.</strong></span> <span class='ocrx_word' id='word_1_176' title='bbox 570 3654 741 3709; x_wconf 80' lang='lat' dir='ltr'><strong>Lucienus</strong></span> <span class='ocrx_word' id='word_1_177' title='bbox 759 3671 819 3708; x_wconf 84' lang='lat' dir='ltr'><strong>vero</strong></span> <span class='ocrx_word' id='word_1_178' title='bbox 837 3657 876 3712; x_wconf 90' lang='lat' dir='ltr'>I.I.</span> <span class='ocrx_word' id='word_1_179' title='bbox 896 3659 1101 3713; x_wconf 87' lang='lat' dir='ltr'><strong>etValerius</strong></span> 
     </span>
     <span class='ocr_line' id='line_1_28' title="bbox 162 3751 1104 3821; baseline -0.004 -9"><span class='ocrx_word' id='word_1_180' title='bbox 162 3759 345 3821; x_wconf 73' lang='lat' dir='ltr'><strong>Maximus,</strong></span> <span class='ocrx_word' id='word_1_181' title='bbox 377 3761 443 3819; x_wconf 76' lang='lat' dir='ltr'><strong>t111,</strong></span> <span class='ocrx_word' id='word_1_182' title='bbox 475 3759 502 3816; x_wconf 85' lang='lat'><strong>7,</strong></span> <span class='ocrx_word' id='word_1_183' title='bbox 536 3769 596 3805; x_wconf 90' lang='lat' dir='ltr'><strong>eum</strong></span> <span class='ocrx_word' id='word_1_184' title='bbox 626 3751 881 3818; x_wconf 85' lang='lat' dir='ltr'><strong>nonagintanovem</strong></span> <span class='ocrx_word' id='word_1_185' title='bbox 907 3768 990 3806; x_wconf 88' lang='lat' dir='ltr'><strong>annos</strong></span> <span class='ocrx_word' id='word_1_186' title='bbox 1007 3754 1104 3808; x_wconf 86' lang='lat' dir='ltr'><strong>vixisse</strong></span> 
     </span>
     <span class='ocr_line' id='line_1_29' title="bbox 160 3848 1101 3921; baseline -0.009 -12"><span class='ocrx_word' id='word_1_187' title='bbox 160 3857 278 3911; x_wconf 85' lang='lat' dir='ltr'><strong>tradunt.</strong></span> <span class='ocrx_word' id='word_1_188' title='bbox 316 3855 343 3921; x_wconf 77' lang='lat'><strong>(²)</strong></span> <span class='ocrx_word' id='word_1_189' title='bbox 374 3858 404 3905; x_wconf 91' lang='lat' dir='ltr'><strong>In</strong></span> <span class='ocrx_word' id='word_1_190' title='bbox 433 3854 502 3906; x_wconf 79' lang='lat' dir='ltr'><strong>Flor.</strong></span> <span class='ocrx_word' id='word_1_191' title='bbox 533 3848 586 3905; x_wconf 84' lang='lat' dir='ltr'><strong>rit.</strong></span> <span class='ocrx_word' id='word_1_192' title='bbox 619 3852 645 3913; x_wconf 84' lang='lat'><strong>7,</strong></span> <span class='ocrx_word' id='word_1_193' title='bbox 677 3850 711 3901; x_wconf 82' lang='lat' dir='ltr'><strong>st</strong></span> <span class='ocrx_word' id='word_1_194' title='bbox 728 3849 770 3903; x_wconf 87' lang='lat' dir='ltr'><strong>ed.</strong></span> <span class='ocrx_word' id='word_1_195' title='bbox 789 3849 895 3907; x_wconf 79' lang='lat' dir='ltr'><strong>Geisf.</strong></span> <span class='ocrx_word' id='word_1_196' title='bbox 933 3851 960 3916; x_wconf 76' lang='lat'><strong>(³)</strong></span> <span class='ocrx_word' id='word_1_197' title='bbox 980 3855 1017 3905; x_wconf 86' lang='lat' dir='ltr'><strong>De</strong></span> <span class='ocrx_word' id='word_1_198' title='bbox 1034 3857 1101 3920; x_wconf 85' lang='lat' dir='ltr'><strong>Rep.</strong></span> 
     </span>
     <span class='ocr_line' id='line_1_30' title="bbox 161 3952 488 4020; baseline -0.015 -16"><span class='ocrx_word' id='word_1_199' title='bbox 161 3952 238 4005; x_wconf 88' lang='lat' dir='ltr'><strong>Stoic.</strong></span> <span class='ocrx_word' id='word_1_200' title='bbox 267 3969 294 4020; x_wconf 88' lang='lat' dir='ltr'><strong>p.</strong></span> <span class='ocrx_word' id='word_1_201' title='bbox 326 3953 393 4003; x_wconf 79' lang='lat'>1039</span> <span class='ocrx_word' id='word_1_202' title='bbox 411 3955 441 4011; x_wconf 88' lang='lat' dir='ltr'><strong>E,</strong></span> <span class='ocrx_word' id='word_1_203' title='bbox 458 3953 488 4000; x_wconf 85' lang='lat' dir='ltr'><strong>F.</strong></span> 
     </span>
    </p>
   </div>
   <div class='ocr_carea' id='block_1_5' title="bbox 0 0 1360 4842">
    <p class='ocr_par' dir='ltr' id='par_1_6' title="bbox 0 0 1360 4842">
     <span class='ocr_line' id='line_1_31' title="bbox 0 0 1360 4842; baseline 0 1"><span class='ocrx_word' id='word_1_204' title='bbox 0 0 1360 4842; x_wconf 95' lang='lat' dir='ltr'><strong> </strong></span> 
     </span>
    </p>
   </div>
  </div>
 </body>
</html>
