2756 4830
713 433 779 503 304

279 604 457 705 exspectare
475 616 692 707 unusquisqne
713 615 825 701 debet,
848 612 953 709 quoad
975 639 1090 708 corpus
1109 632 1211 684 totum

275 729 316 795 ab
338 730 407 818 ipso
434 730 538 803 animo
558 730 704 817 deficior,
736 735 922 824 animusque
940 734 1208 820 transmigratione

275 867 341 910 non
367 842 526 932 indigeat,
562 846 617 912 sed
640 851 707 936 jam
737 873 863 940 prorsus
895 864 981 915 extra
1004 873 1119 941 corpus
1142 851 1202 933 sit3

274 958 411 1049 alioquin
434 963 518 1028 enim
537 987 651 1056 corpus
671 988 738 1031 non
755 963 927 1030 dimitteret
953 966 1116 1046 animum,
1150 964 1205 1031 sed

272 1076 333 1163 ipsi
351 1079 455 1145 animo
476 1103 589 1165 eorpus
613 1077 851 1146 destituet-emus
871 1077 922 1167 (¹).
953 1081 1066 1169 Quum
1088 1081 1202 1166 igitur,

225 1202 232 1215 ’
273 1191 425 1281 quamdiu
458 1195 546 1284 pravi
581 1218 687 1261 snmus
718 1211 749 1261 et
768 1186 966 1287 perfeetionis
984 1196 1116 1263 modum
1135 1221 1202 1264 non

271 1306 481 1399 explevimus,
514 1310 601 1375 nefas
629 1311 668 1376 sit
702 1333 758 1378 nos
794 1336 868 1377 eum
898 1313 1018 1402 superis
1053 1313 1201 1379 affinitate

272 1425 443 1512 conjungi,
484 1427 575 1492 nobis
609 1450 788 1517 numquam
819 1427 1064 1518 perturbationis
1098 1453 1200 1495 eaussa

269 1539 382 1607 fiamus
415 1559 447 1608 et
475 1566 634 1609 caveamus
660 1567 756 1632 quam
780 1543 912 1608 maxime
935 1566 976 1609 ne
995 1544 1117 1613 animus
1137 1544 1199 1610 ulla

267 1660 503 1751 perturbatione
527 1685 544 1724 a
564 1683 694 1750 corpore
713 1657 932 1755 disjungatur,
951 1659 1094 1726 fortunae
1116 1661 1198 1728 ictus

266 1777 380 1841 virtute
407 1775 646 1867 propulsemus,
679 1776 720 1840 ita
754 1791 791 1839 ut
812 1776 906 1840 animi
927 1773 1143 1862 magnitudine
1166 1793 1197 1843 et

264 1893 376 1958 robore
398 1893 448 1957 alii
478 1891 604 1958 leviores
638 1889 739 1972 fiant,
773 1889 822 1955 alii
856 1889 934 1958 adeo
970 1892 1100 1957 minime
1138 1916 1195 1959 nos

268 2025 396 2094 tangant
420 2007 487 2097 (²);
528 2031 625 2099 quam
660 2030 748 2072 suam
779 2009 965 2081 sententiam
991 2006 1195 2074 similitudine

265 2160 339 2203 cnm
371 2132 467 2200 domo
497 2133 632 2222 ejusque
663 2129 772 2196 ineolis
795 2130 837 2193 ita
853 2127 987 2195 illustrat
1008 2129 1072 2218 (³)=
1102 2134 1193 2198 Τοῦτο

263 2257 298 2324 δὲ
338 2264 433 2347 ὅμοιον
457 2256 495 2321 ἀν
521 2254 563 2330 εἴη
574 2306 585 2340 ,
617 2261 714 2344 ὥσπερ
739 2253 777 2317 ἀν
803 2254 828 2318 εἰ
853 2250 906 2318 δύο
933 2254 1008 2318 οἶκον
1032 2255 1120 2320 καλὸν
1145 2256 1192 2324 τὸν

261 2383 345 2449 αὐτὸν
371 2382 538 2466 οἰκούντων,
565 2385 614 2445 τοῦ
639 2378 690 2466 μὲν
716 2378 847 2477 ψέγοντος
872 2381 924 2451 την
950 2384 1128 2466 καταοκεοην
1142 2384 1221 2475 καὶΙβ

260 2510 307 2576 τὸν
332 2515 518 2592 ποιήσαντα,
545 2503 594 2570 καὶ
621 2506 749 2592 μένοντος
775 2503 831 2591 ούχ
863 2502 945 2575 ἧττον
971 2505 999 2570 ἐν
1025 2506 1114 2595 αύτῷ.
1144 2516 1193 2575 τοῦ

259 2634 294 2702 δέ
334 2637 374 2723 μὴ
401 2634 559 2723 ψέγοντος,
603 2629 683 2694 ἀλλά
710 2628 756 2695 τὸν
791 2654 969 2704 ποιησαντακ
991 2636 1190 2719 τεχνικώτατα

256 2762 438 2836 πεποιηκέναι
464 2759 601 2847 λέγοντος·
629 2754 676 2821 τὸν
702 2752 737 2819 δὲ
762 2758 865 2845 χρόνον
906 2757 1093 2849 ἀναμένοντος
1135 2763 1187 2834 ἕως

258 2888 296 2955 ἀν
320 2895 375 2976 ἥκῃ
401 2885 430 2950 ἐν
457 2879 481 2974 ᾧ
507 2877 732 2966 ἀπαλλάξεται,
759 2872 791 2944 ού
817 2881 920 2967 μηκέτι
947 2880 1023 2946 οἴκον
1043 2879 1184 2954 ιλεήσοιτο·

222 3018 226 3027 ’
254 3017 269 3081 ὁ
309 3011 343 3079 δὲ
381 3013 536 3101 σοφώτερος
571 3008 641 3073 εἶναι
669 3006 780 3092 οἴοιτο,
815 3004 864 3070 καί
890 3006 1059 3098 ἑτοιμότερος
1101 3005 1186 3086 ἐξελ-

253 3141 337 3226 θεῖν,
379 3143 420 3204 ὅτι
463 3133 525 3201 οἶάι
563 3133 655 3222 λέγειν
699 3131 732 3196 ἐκ
769 3129 854 3195 λιύων
880 3132 1005 3219 ἀψύχων
1033 3132 1095 3207 τοὺς
1121 3135 1185 3199 τοί-

253 3290 323 3354 χους
363 3260 412 3327 καὶ
452 3258 544 3338 ξύλων
584 3261 764 3342 σννεςοίναι,
804 3253 854 3320 καὶ
880 3255 987 3322 πολλοῦ
1029 3254 1092 3323 δεῖν
1135 3268 1183 3334 τῆς

252 3389 388 3462 ἀληθινῆς
428 3386 571 3458 οἰκήσεως
589 3375 595 3383 ’
612 3383 746 3470 ἀγνοῶν,
787 3385 828 3446 ὅτι
868 3387 909 3469 τῷ
945 3384 985 3471 μὴ
1012 3385 1103 3474 φέρειν
1145 3386 1182 3450 τά

252 3515 399 3606 ἀναγκαῖα
427 3508 580 3600 διαφέρει,
617 3505 696 3596 εἴπερ
722 3504 771 3568 καὶ
798 3507 838 3601 μὴ
866 3510 987 3574 ποιεῖται
1014 3505 1181 3601 δυσχεραί-

253 3665 335 3725 νειν,
374 3660 498 3727 αγαπων
538 3656 636 3719 ησνχη
679 3654 711 3695 το
752 3629 858 3706 καλλος
892 3638 949 3698 τῶν
975 3633 1072 3699 λίθων.
1127 3638 1184 3700 Δεῖ

252 3761 448 3883 Μετὰ.
467 3817 488 3877 l,
507 3811 564 3866 Lib.
572 3816 615 3877 IX,
625 3808 684 3882 περὶ
699 3807 857 3883 ἐξαγωγῆς,
885 3827 912 3879 p.
931 3812 965 3862 85
980 3812 1012 3874 A,
1026 3814 1056 3862 B.
1089 3810 1121 3876 (²)
1140 3811 1179 3865 l.l.

183 3960 185 3975 ,
252 3930 278 3982 p.
304 3913 355 3964 217
377 3915 406 3974 E,
422 3913 452 3962 F.
479 3908 519 3967 Cf,
537 3909 653 3962 Ennead.
671 3914 691 3971 1,
714 3908 772 3962 Lib.
788 3912 831 3973 IV,
848 3923 871 3960 o.
889 3910 907 3962 7
922 3905 951 3959 in
966 3907 1028 3970 fine,
1045 3905 1074 3959 in
1087 3905 1180 3975 primis

252 4025 275 4064 e.
292 4012 318 4073 8,
337 4025 364 4077 p.
386 3994 419 4060 tt
434 4021 473 4073 sq.
512 4005 539 4071 (³)
557 4005 596 4060 tl.
611 4021 637 4074 p.
651 4006 702 4059 217
718 4008 748 4068 B,
761 4006 791 4069 G,
804 4008 834 4057 D.
