2712 4842
583 428 648 494 253

134 614 242 703 βούταν
268 616 356 705 μέθην
381 616 478 682 λύεται
505 614 537 683 τδ
562 621 721 706 συμπόσιον
732 668 744 705 ,
782 618 830 683 καί
857 617 912 686 διά
937 619 979 710 (¹)
1008 646 1072 688 πα-

135 732 305 833 ρατιθέμενοί
343 744 446 833 νοσερά
485 746 578 808 ὄντα.
620 745 661 808 ἔτι
693 745 750 831 μὴν
780 742 829 808 καὶ
856 741 910 810 διά
936 747 1067 834 πέμπτον

135 872 254 958 τρόπον,
282 862 322 933 δι’
349 864 461 932 ἔνδειαν
486 872 544 933 τῶν
569 868 812 958 παρατιθεμένων·
828 869 877 934 καί
895 870 941 936 τὸν
959 869 1022 955 βίον
1037 867 1073 935 δὲ

136 992 233 1089 λυτέον
258 989 313 1057 διά
340 993 422 1059 πέντε
440 994 578 1082 τρόπους.
605 989 681 1079 οἷον,
708 990 763 1058 διά
789 997 892 1085 χρείαν
917 994 1014 1060 λύεται
1041 994 1074 1059 τὸ

135 1120 320 1206 συμπόσιον,
348 1113 400 1182 δεῖ
424 1109 472 1182 οὖν
486 1117 527 1207 (²)
554 1116 631 1183 λύειν
657 1117 704 1183 τδν
723 1116 787 1204 βίον
803 1118 852 1184 καί
869 1117 923 1185 διά
942 1119 1075 1210 μεγάλην

137 1244 269 1335 χρείοιν,
312 1242 350 1317 ὡς
390 1241 547 1317 Μενοικεύς
588 1240 761 1334 ἀποσφάξας
804 1243 901 1310 ἑαυτὸν
926 1244 999 1335 ὑπὲρ
1025 1254 1076 1320 τῆς

136 1367 288 1461 πατρίδος.
315 1368 396 1433 ἀλλά
421 1367 470 1433 καί
496 1362 537 1433 δι’
554 1369 854 1460 αιόχροῤῥημοούνην,
880 1372 951 1436 οὕτω
966 1361 1013 1435 ούν
1027 1366 1080 1435 δεῖ

136 1494 215 1560 λύειν
240 1492 290 1559 καί
312 1494 360 1559 τὸν
387 1492 451 1581 βίον
465 1492 736 1585 διάκτύρραννονθ)
763 1497 970 1585 ἀναγκάζοντα
985 1496 1075 1563 εἰπεῖν

136 1622 176 1687 τά
202 1619 364 1711 ἀπόρρητα.
391 1618 406 1685 ὃ
431 1619 480 1684 καὶ
507 1620 691 1710 Πυθαγορεία
705 1620 746 1711 (⁸)
772 1647 814 1695 τις
824 1624 895 1710 γννίο
907 1622 1075 1707 πεποίηκεν,

136 1747 360 1834 ἀναγκαζομένη
386 1745 475 1812 εἰπεῖν
499 1742 556 1811 διά
579 1771 606 1812 τι
633 1746 684 1812 ούκ
709 1746 794 1812 ἐσθίει
825 1750 978 1835 κυάμους,
1020 1750 1074 1838 ἔφη

137 1876 224 1961 γάρ,
251 1875 373 1960 φάγοιμι
400 1875 463 1957 ἄν,
489 1870 509 1942 ἢ
534 1869 643 1960 εἴποιμι
674 1877 737 1959 ἀν,
765 1872 827 1938 εἶτα
852 1874 1075 1962 ἀναγκαζομένη

137 1997 265 2087 φαγεῖν,
306 1998 368 2084 ἔφη·
413 1995 522 2084 εἴποιμι
558 2001 621 2083 ἀν,
657 1996 677 2068 ἢ
703 2002 825 2088 ράγοιμι
853 2003 917 2082 ἄν,
945 1995 994 2062 καί
1021 1999 1074 2063 τέ-

136 2122 185 2197 λος
228 2122 355 2210 ἀπέτεμε
395 2123 446 2192 την
493 2121 637 2209 γλῶτταν·
666 2122 704 2197 ὡς
730 2121 779 2187 καί
807 2120 988 2189 διαλεκτικὸν
1022 2122 1072 2187 καί

136 2245 271 2336 γευςικόν
299 2250 430 2337 ὄργανον.
456 2245 537 2311 ἀλλά
563 2247 612 2310 καί
629 2244 693 2312 διά
719 2248 807 2335 μέθην
832 2247 928 2315 λύεται
943 2249 974 2315 τὸ
990 2274 1072 2337 συμ-

136 2376 248 2439 πόσιον.
275 2375 347 2438 οὕτω
373 2364 421 2437 οὖν
451 2371 492 2463 (⁵)
527 2371 577 2436 καί
604 2373 651 2439 τὸν
678 2371 742 2459 βίον
767 2373 845 2439 λύειν
871 2371 922 2440 δεῖ
943 2371 997 2439 διά
1024 2375 1071 2441 τὸν

136 2502 334 2591 παρεπόμενον
371 2501 413 2586 τῷ
438 2499 551 2585 σώματι
582 2496 679 2588 λῆρον.
708 2501 812 2588 ρυσιιιὴ
838 2503 898 2595 γάρ
924 2500 970 2574 ἐςι
998 2501 1070 2589 μέθη

136 2626 152 2691 ὁ
180 2623 276 2716 λῆρος.
307 2621 388 2688 ἀλλά
428 2621 477 2687 καί
504 2619 559 2687 διά
584 2624 623 2688 τά
648 2624 861 2714 παρατιθέμενα
877 2625 991 2715 νοσερά
1016 2629 1087 2689 τίν-ι

135 2776 183 2818 τα.
214 2748 263 2814 καὶ
289 2748 336 2815 τὸν
362 2746 426 2834 βίον
452 2739 500 2812 ούν
526 2747 622 2813 λυτέον
636 2745 758 2836 (ἢχδιά
783 2749 815 2815 τὸ
830 2748 862 2815 τὸ
876 2754 963 2838 σῶμα
978 2752 1086 2824 νόσοις

135 2879 264 2949 ἀνιάτοις
289 2877 499 2962 κατεχόμενον,
526 2872 575 2937 καί
602 2872 802 2945 ἀνεπιτήδειον
827 2875 896 2966 πρὸς
913 2875 944 2941 τὸ
958 2875 1071 2965 ὑπουρ-

134 3005 198 3094 γεῖν
223 3012 258 3089 τῇ
285 3001 379 3090 ψυχῇ.
406 2999 487 3064 ἀλλά
513 2997 561 3064 καί
588 2994 629 3064 δι’
657 2996 770 3064 ἔνδειαν
794 3005 852 3066 τῶν
882 3002 1070 3091 προσαγομέ-

134 3151 190 3192 νων
229 3125 325 3191 λύεται
367 3125 399 3192 τό
441 3127 611 3213 συμπόσιον.
644 3128 717 3190 οὕτω
742 3124 791 3190 καί
818 3122 872 3190 διά
899 3125 998 3219 πενίαν
1024 3123 1076 3192 δεῖ

133 3249 248 3341 ἐξάγειν
273 3250 408 3337 ἑαυτούς,
438 3250 490 3314 ε’ἀν
520 3253 562 3339 μὴ
597 3254 723 3343 πάρεςῖυ
750 3236 810 3318 ἀπὸ
839 3252 958 3343 ἀγαθῶν
986 3252 1069 3343 λαμ-

133 3377 247 3464 βάνειν.
279 3374 311 3443 ού
335 3377 395 3467 γάρ
420 3375 543 3447 ληπτέον
560 3374 602 3467 (⁷)
636 3375 696 3442 ἀπὸ
726 3377 842 3467 ραύλων
854 3429 866 3466 ,
898 3380 992 3469 μιαρά
1010 3379 1070 3469 γάρ

133 3502 193 3569 ἀπὸ
219 3506 332 3592 μιαρῶν
361 3497 467 3593 δῶρα,
497 3498 546 3566 καὶ
575 3499 607 3566 ού
632 3498 684 3567 δεῖ
706 3498 774 3568 οὐδὲ
805 3501 845 3591 (⁸)
875 3503 980 3576 τούτοις
1009 3528 1069 3590 μο-

129 3664 254 3682 ”—

168 3789 196 3857 (1)
216 3785 262 3842 διὰ
279 3748 326 3845 τά.
365 3790 392 3857 (²)
411 3779 456 3842 ούν
477 3804 530 3842 om.
574 3785 601 3852 (Β)
619 3785 755 3859 τύραννον.
793 3789 820 3856 (⁴)
840 3787 1003 3862 Πυθαγορία.
1040 3786 1067 3856 (³)

132 3886 177 3947 ούν
208 3911 262 3951 om.
300 3895 327 3961 (θ)
347 3886 411 3947 ύντα
431 3888 540 3949 καὶτὸν
560 3890 619 3965 βίον
640 3889 738 3947 λυτέον·
765 3892 831 3949 ούτω
853 3893 908 3951 καὶ.
953 3900 981 3969 (7)
1000 3894 1068 3953 ληπ·
1106 3884 1107 3887 “

131 4002 207 4056 τέων.
242 4002 269 4071 (⁸)
294 3998 355 4057 οὐδὲ
374 4018 427 4058 om.
