2712 4842
610 425 679 519 aaa

172 607 394 692 conjunctam,
426 630 499 695 ergo
533 632 599 675 non
633 624 747 674 temere
772 623 866 697 atque
887 604 965 673 adeo
991 621 1104 697 sponte

172 721 446 813 abrumpendam3
485 748 565 815 quae
597 741 700 790 tamen
720 726 877 812 objectio,
904 724 994 809 eujus
1024 746 1106 789 con-

171 838 345 905 clusionem
377 838 483 906 falsam
514 864 576 907 esse
610 857 766 930 apparet,
796 841 899 907 Stoica
921 840 1040 906 ratione
1065 841 1108 908 ita

173 950 254 1020 dilui
275 970 400 1047 potesta
426 956 576 1024 virtutem
598 957 758 1049 vitamque
781 958 905 1024 beatam
923 957 958 1020 in
978 979 1016 1023 eo
1035 980 1108 1024 cer-

174 1073 233 1154 ni,
257 1087 295 1138 ut
321 1072 426 1139 omnia
446 1090 651 1166 opportune,
676 1072 739 1141 hoe
758 1089 821 1155 est,
848 1088 976 1138 naturae
987 1095 1109 1140 conve-

173 1190 317 1273 nienter,
336 1186 434 1273 fiant3
459 1189 642 1282 ‘sapientem
666 1190 761 1276 igitur
783 1206 852 1254 tuna
874 1186 1003 1254 demum
1025 1212 1110 1257 eon-

173 1306 338 1373 venienter
368 1322 496 1374 naturae
527 1307 659 1390 vixisse,
697 1330 799 1397 quum
826 1302 976 1372 desciscat
1006 1330 1023 1369 a
1048 1305 1111 1371 vita

173 1418 249 1490 lieet
270 1422 483 1507 beatissimus,
505 1424 530 1488 si
556 1420 590 1488 id
612 1438 792 1513 opportune
815 1420 917 1489 facere
939 1423 1035 1512 possit
1048 1421 1107 1511 (¹);

175 1538 326 1626 quocirca
350 1537 511 1626 judicabit
544 1539 652 1605 beatus
688 1536 740 1604 ille
765 1539 887 1626 sapiens
914 1563 955 1605 an
976 1553 1112 1607 mortem

173 1654 235 1719 athi
265 1654 455 1722 consciscere
478 1652 594 1721 debeat
614 1671 647 1720 et
668 1678 826 1745 quaenam
845 1653 946 1721 officia
967 1654 1028 1720 sibi
1052 1654 1110 1720 in-

175 1771 332 1837 cumbant
366 1769 419 1855 (²).
474 1769 578 1839 Alteri
612 1794 686 1838 vero
717 1772 905 1858 objectioni,
940 1768 1016 1836 inde
1045 1787 1112 1836 orta

175 1883 265 1976 quod
304 1909 440 1954 summos
486 1883 607 1954 dolores
641 1911 861 1977 summamque
892 1902 1111 1980 paupertatem

176 2003 288 2070 caussis
322 2004 431 2069 mortis
462 2002 523 2069 sibi
553 2001 739 2070 inferendae
774 2019 998 2089 accensarent,
1035 2003 1113 2071 hnic

175 2118 236 2208 ipsi
264 2117 362 2186 Stoici
397 2116 486 2211 quod
514 2120 608 2186 sciam
630 2144 697 2187 non
719 2119 901 2186 hahuerunt
923 2118 1011 2211 quod
1041 2143 1115 2186 res·

177 2231 369 2325 ponderent.
414 2235 505 2303 Licet
530 2236 617 2301 enim
647 2235 778 2328 plurimi
800 2237 841 2302 ita
862 2238 1114 2317 ratiocinemur,

178 2352 278 2419 vitam
312 2351 435 2417 beatam
474 2374 539 2418 esse
574 2368 702 2419 naturae
732 2352 994 2436 convenientem,
1020 2352 1116 2419 vitam

178 2492 254 2555 ergo
281 2483 411 2533 naturae
443 2465 627 2552 adversam,
665 2469 763 2559 qualis
785 2487 862 2535 esset
883 2494 964 2559 quae
987 2472 1117 2536 summis

179 2584 386 2665 eruciatibus,
423 2600 556 2670 egestate
577 2583 678 2649 aliisve
701 2585 781 2652 vitae
800 2586 956 2651 aerumnis
987 2609 1115 2676 preme-

180 2717 291 2784 retur,
327 2699 425 2766 libere
462 2701 683 2792 sapienterque
716 2699 915 2785 finiendam,
950 2700 1028 2768 haec
1061 2725 1117 2766 ar-

178 2818 373 2906 gumentatio
410 2817 470 2907 ipsi
500 2816 625 2885 Stoicae
656 2814 819 2884 doctrinae
842 2834 1018 2907 repugnata
1044 2842 1119 2884 nam

88 2964 91 2969 ·
179 2934 286 3017 dolor,
321 2948 508 3024 paupertas.
537 2950 656 2999 ceterae
680 2935 759 2999 vitae
778 2957 963 3016 aerumnae,
988 2957 1037 3000 res
1060 2935 1116 2998 in-

182 3050 375 3133 differentes,
411 3050 585 3141 sapientem
620 3072 815 3117 commovere
849 3048 897 3118 vel
930 3050 1119 3116 conturbare

181 3231 305 3251 ᾖ

222 3325 251 3391 (¹)
270 3325 332 3380 Cic.
358 3324 390 3378 de
414 3324 474 3380 Fin.
507 3329 551 3390 111,
571 3327 623 3388 18;
643 3341 695 3393 quo
712 3322 794 3391 igitur
812 3325 870 3377 loco
888 3324 981 3379 verba:
1001 3327 1070 3393 quod
1086 3333 1123 3380 est

185 3424 366 3476 amoenitate
385 3429 499 3475 acturae
515 3423 612 3486 meme,
632 3419 741 3472 minime
763 3435 824 3474 eum
846 3420 1021 3488 Madvigio
1039 3429 1128 3474 trans-

188 3518 327 3586 ponenda,
359 3517 406 3570 ead
423 3515 513 3586 potius
540 3532 554 3570 e
586 3533 690 3569 summa
715 3516 760 3570 illa
777 3517 802 3572 ti
821 3534 901 3585 quam
917 3516 1128 3586 opportunitati,

190 3613 240 3667 soli
256 3611 384 3683 sapientis
400 3611 500 3680 judicio
521 3613 672 3682 subjectae,
703 3613 854 3666 tribuerunt
874 3613 973 3679 Stoici,
993 3613 1029 3666 ita
1047 3613 1131 3667 inter-

190 3710 318 3779 pretanda
343 3716 420 3761 sunt:
450 3707 611 3778 sapientem,
638 3708 685 3761 ubi
705 3711 786 3762 semel
801 3709 1024 3779 opportunitatem
1042 3726 1056 3764 e
1076 3711 1130 3766 vita

189 3804 328 3860 recedendi
341 3804 474 3871 omiserit,
501 3804 683 3861 convenienter
698 3813 809 3859 naturae
827 3806 923 3861 vixisse
942 3824 995 3861 non
1015 3808 1131 3877 amplius

190 3901 245 3955 dici
264 3918 351 3972 posse;
370 3902 517 3955 seeundum
534 3902 633 3957 Stoicos
650 3901 736 3968 enim,
755 3910 786 3955 ut
806 3902 929 3973 deinceps
949 3904 1129 3971 cecinero,
1167 3890 1171 3899 ’

192 3997 399 4070 opportunitatis
417 4013 476 4054 esse
492 4000 569 4056 beate
585 3998 679 4058 virere.
716 4000 745 4069 (Ἰ
764 3999 803 4055 Gi.
822 4004 859 4060 tt.
878 3982 955 4089 dut.
974 4006 1018 4069 ΙΙΙ,
1037 4004 1096 4068 §t
