2712 4842
598 421 662 488 273

159 602 205 670 cis
238 600 464 684 ambulatione,
506 602 670 694 praelectis
702 586 905 670 excubiarum
938 600 973 666 iis
1013 592 1093 692 quae

160 736 286 807 tempus
317 720 465 808 poscebat
502 718 674 800 mandatis,
707 719 810 785 filium
846 735 878 782 et
916 718 1088 795 amicorum

159 857 322 923 quemque
356 836 469 900 arctius
503 859 600 923 quam
633 850 803 901 assueverat
837 831 997 922 amplexus
1028 849 1085 901 est.

155 950 237 1015 Dein
259 975 362 1039 quum
381 952 416 1015 in
438 951 585 1019 cubiculo
602 949 814 1033 decubuerat,
841 949 1017 1016 Platonis
1029 945 1085 1012 di·

154 1066 277 1152 alognm
308 1065 350 1131 de
379 1068 475 1154 animi
511 1067 741 1133 immortalitate
780 1067 814 1131 in
850 1088 960 1130 manus
994 1087 1085 1129 sum-

152 1185 193 1248 sit
212 1181 278 1271 (¹),
300 1182 447 1273 libroque
470 1182 657 1274 pervoluto,
678 1204 775 1272 supra
800 1197 896 1270 caput
920 1179 1082 1270 suspexit,

151 1298 289 1385 gladium
324 1322 508 1388 quaerens3
554 1324 651 1390 quern
679 1323 781 1391 quum
816 1321 882 1363 non
916 1295 1084 1360 invenisset

151 1439 277 1484 servum
308 1417 428 1482 vocavit
462 1422 666 1506 rogavitque,
703 1414 853 1504 numquis
883 1410 991 1477 'ensem
1020 1412 1084 1477 ab·

151 1528 296 1599 stulisset.
343 1529 581 1599 conticescente
606 1531 682 1612 illo,
705 1532 830 1622 repetiit
848 1530 990 1611 librum,
1003 1551 1083 1618 par-

151 1670 253 1734 voque
287 1646 473 1737 intcrposito
507 1645 689 1728 intervallo,
722 1648 810 1738 qnasi
848 1670 914 1712 non
953 1645 1082 1709 instaret

150 1786 257 1851 neque
290 1780 414 1848 urgeret
436 1756 491 1828 se'd
510 1762 640 1829 fortuito
662 1765 840 1854 requireret
857 1760 1015 1848 gladium,
1049 1775 1085 1824 ut

151 1877 315 1943 afferretur
347 1881 517 1971 praecepit.
572 1878 792 1946 Intercedeute
827 1901 947 1960 mora,
980 1899 1084 1966 quum
1144 1962 1145 1965 Ἴ

150 2017 245 2060 nemo
266 1992 390 2060 afferret
412 1994 572 2081 gladium,
595 1994 734 2086 perlecto
759 1995 858 2076 libra,
881 1993 994 2059 accivit
1017 1988 1081 2057 de-

150 2134 216 2176 nuo
236 2111 371 2196 singulos
386 2135 509 2191 servos,
532 2137 569 2177 ac
592 2086 699 2178 vocem
722 2111 818 2197 magis
838 2105 1008 2175 intendens
1017 2131 1081 2172 cn-

111 2206 113 2213 Α
149 2249 214 2291 sem
248 2227 562 2317 repoposcit,unuua
587 2225 664 2293 adeo
688 2251 850 2293 servorum
863 2249 973 2318 puguo
993 2225 1077 2292 feriit

148 2344 282 2433 ipseque
313 2367 443 2409 manum
478 2367 565 2409 suam
602 2344 801 2426 cruentavit,
824 2342 960 2408 fremens
984 2358 1080 2431 atque

150 2457 228 2523 elata
247 2461 314 2546 jam
341 2482 415 2527 voce
439 2458 600 2539 clamanS,
622 2483 653 2524 se
676 2457 800 2528 nudum
824 2485 842 2524 a
864 2458 930 2526 filio
949 2474 981 2523 et
1011 2480 1081 2523 scr·

151 2575 196 2638 vis
228 2572 312 2640 hosti
340 2572 456 2665 prodi,
491 2572 594 2642 donec
632 2573 761 2640 tandem
795 2574 879 2640 filius
911 2574 1082 2663 lacrymans

150 2713 224 2755 curn
253 2691 357 2758 amicis
379 2708 556 2757 accurreret
575 2715 734 2780 ruensque
749 2692 784 2756 in
794 2693 891 2783 patris
902 2688 1083 2782 amplexum

149 2823 246 2896 atque
279 2805 451 2872 lamentans
483 2830 556 2872 eum
587 2809 751 2874 obsecrare
779 2809 941 2898 inciperet.
993 2809 1082 2873 Tum

149 2923 248 2989 Cato
282 2945 450 3009 exsurgens
481 2923 642 3014 oculisque
677 2925 772 2991 torvis
803 2947 854 2990 eos
879 2921 1076 3015 adspipiens:

149 3035 322 3126 „Quando
344 3037 513 3116 tandem’',
536 3041 663 3128 inquit,
686 3063 776 3125 „ego
805 3056 837 3105 et
858 3040 914 3104 uhi
936 3041 971 3104 in
984 3061 1081 3129 aper-

152 3172 217 3220 tam
236 3152 426 3221 dementiam
452 3153 637 3245 imprudens
661 3154 784 3222 incidit
829 3157 897 3223 Cur
916 3150 1011 3221 nemo
1031 3177 1082 3220 me

147 3272 298 3340 admonet
332 3297 392 3340 nec
424 3272 555 3342 abducit
574 3276 613 3340 ab
636 3276 671 3340 iis
696 3276 806 3357 rebus,
827 3276 943 3364 quibus
968 3296 1083 3365 pavum

149 3407 235 3456 reete
269 3387 376 3455 videar
411 3391 491 3455 mihi
529 3390 737 3475 cousuluisse,
774 3389 830 3457 sed
864 3389 990 3459 consilia
1013 3414 1081 3456 mea
1150 3414 1155 3431 ¹

116 3556 120 3563 ,
148 3506 279 3595 exsequi
297 3505 471 3597 prohibeor
488 3507 645 3597 armisque
667 3506 824 3576 denudor.
859 3489 961 3598 'Quin
977 3503 1080 3588 simul,

149 3625 193 3688 mi
219 3621 287 3702 fili,
320 3624 506 3709 constringis
524 3641 689 3714 parentem
725 3647 900 3714 manusque
921 3639 991 3714 post
1012 3639 1080 3689 ter-

147 3764 224 3825 gum
250 3737 360 3824 illigas,
395 3738 498 3807 donec
522 3742 665 3806 Caesar
686 3742 814 3810 veniens
838 3743 996 3810 omnimo
1018 3736 1080 3805 de-

147 3904 284 3914 ..anna-u-

187 3985 215 4051 (1)
236 3986 275 4041 Cf.
295 3989 382 4041 Luct.
405 3987 548 4044 Di·.t1nst.
567 3992 610 4053 111,
630 3990 672 4042 18.
