2712 4842
692 440 779 506 258-

269 616 356 709 quod
375 619 566 706 refutemus,
601 639 733 714 propter
753 623 878 689 morbos
897 621 982 686 enim
1002 618 1049 685 rel
1071 642 1199 684 aerum·

268 760 322 801 uas
357 738 450 804 vitatu
485 738 622 829 relinqui
644 763 718 806 curn
752 741 818 829 ipsa
850 739 1029 806 Stoicorum
1058 735 1203 803 doctrina

266 870 407 945 pugnare
424 857 492 942 jam
514 879 608 946 supra
628 854 792 922 docuimus
813 855 866 943 ().

311 969 487 1060 Aliquanto
507 970 626 1037 felicius
649 987 681 1036 et
703 970 820 1058 majore
838 995 910 1037 cum
929 971 1032 1060 specie
1044 969 1202 1059 probabi-

264 1084 356 1152 litatis
381 1085 607 1153 Alexander
629 1083 1019 1179 Aphrodisiensis'in
1040 1086 1203 1152 notissimo

263 1211 377 1296 libelle,
401 1211 426 1275 εἰ
465 1210 609 1302 αὐτάρκης
654 1213 674 1281 ἡ
720 1212 808 1303 ἀρετὴ
849 1209 918 1299 πρὸς
944 1207 1128 1299 εὐδαιμονίαν
1145 1209 1225 1300 (²),

260 1353 300 1397 ex
325 1329 398 1418 ipsis
418 1328 539 1397 Stoicae
561 1327 724 1396 doctrinae
735 1328 901 1419 principiis
923 1326 1086 1394 ostendere
1100 1351 1200 1394 cona-

262 1469 310 1518 tus
332 1468 402 1533 est,
437 1476 535 1544 quam
557 1452 655 1520 Stoici
677 1451 896 1545 praedicarent
916 1452 1032 1542 εὔλογον
1049 1449 1199 1543 ἐξαγωγὴν

261 1601 390 1665 prorsus
412 1601 475 1643 esse
497 1575 603 1666 ἄλογόν
627 1603 658 1644 τε
681 1576 730 1642 καὶ
755 1576 941 1666 ,ἄτοπον(”)ι
989 1575 1196 1668 Quomodo,

264 1695 392 1784 inquit,
427 1694 543 1760 virtute
565 1692 711 1782 praedito
736 1710 775 1760 eta
791 1696 880 1761 beate
903 1694 1022 1761 viventi
1041 1692 1198 1784 profectio

262 1835 282 1876 e
320 1812 383 1877 vita
414 1810 525 1877 rationi
551 1828 758 1878 consentanea
782 1808 848 1878 dici
870 1812 998 1902 potest?
1044 1812 1089 1877 Ut
1111 1810 1197 1876 enim

263 1922 437 1992 absurdum
459 1942 505 1991 est
528 1923 653 1994 dicere:
674 1928 823 1996 ‚Jovem
847 1925 924 1995 velle
946 1927 1049 2007 mori3
1074 1928 1116 1991 ita
1140 1949 1196 1990 ae·

263 2066 326 2134 que
358 2040 534 2108 absurdum
566 2041 728 2134 se'ipsnm
750 2068 824 2110 cum
846 2044 966 2110 ratione
988 2067 1026 2108 ex
1048 2041 1108 2109 hac
1133 2043 1197 2108 vita

259 2158 417 2243 educere3
443 2183 517 2224 nam
542 2160 659 2224 mirum
680 2175 726 2225 est
754 2176 879 2226 etcum
904 2161 1024 2226 ratione
1049 2176 1192 2248 pugnat,

261 2299 363 2367 quum
386 2273 503 2340 malum
528 2299 588 2341 nec
609 2299 754 2365 praesens
776 2277 815 2340 sit
837 2300 897 2343 nee
915 2277 1079 2359 futurum,
1101 2300 1193 2342 sum·

259 2417 311 2461 ma
342 2416 416 2459 vero
445 2389 527 2457 adsit
561 2390 714 2474 felicitas,
746 2392 844 2458 vitam
869 2408 901 2458 et
922 2393 1071 2460 virtutem
1095 2394 1195 2484 ipsam

259 2508 338 2576 velle
356 2506 547 2596 relinquere.
593 2508 662 2574 Hoc
682 2509 767 2573 enim
795 2509 944 2576 virtutem
964 2511 1097 2602 sapienti
1116 2534 1194 2596 sug-

258 2649 379 2713 gerere,
407 2648 473 2714 quo
494 2620 589 2690 modo
610 2625 723 2692 rationi
741 2640 787 2691 est
811 2630 1079 2695 consentaneum?
1125 2629 1194 2695 Ne·

263 2765 327 2832 que
345 2741 430 2806 enim
449 2764 522 2806 eum
544 2739 665 2805 ratione
687 2737 835 2807 convenit
860 2741 1008 2832 aliquem,
1021 2761 1058 2809 ut
1069 2744 1196 2810 aliarum

261 2882 392 2941 rerum,
421 2856 467 2941 ita
504 2878 633 2944 quoque
667 2854 819 2921 felicitatis
852 2859 922 2923 satis
947 2856 1099 2948 adeptum
1123 2883 1195 2928 esse.

262 2972 357 3042 Nulla
395 2971 483 3037 enim
506 2988 552 3036 est
575 2970 730 3036 felicitatis
753 2989 784 3037 et
809 2973 931 3039 virtutis
953 2977 1093 3058 satietas,
1125 3000 1197 3041 nam

260 3115 369 3157 earum
403 3113 509 3154 rerum
545 3113 626 3178 quae
650 3112 810 3155 summum
835 3091 956 3156 bonum
983 3094 1199 3174 constituunt,

261 3204 451 3272 desiderium
476 3221 522 3269 est
542 3203 718 3271 inlinitum.
738 3242 785 3256 -
828 3206 884 3272 His
903 3208 998 3296 objici
1017 3226 1150 3299 possunt
1169 3226 1200 3278 et

261 3322 442 3390 Stoicorum
463 3319 637 3409 placitum,
660 3316 702 3386 de
726 3345 792 3410 quo
811 3346 906 3413 supra
928 3326 997 3412 jam
1012 3327 1130 3414 egimus
1143 3325 1197 3413 (ll,

256 3537 374 3558 ..u-

295 3624 323 3690 (1)
341 3640 369 3694 p.
396 3626 449 3678 240
478 3631 504 3678 et
529 3625 581 3679 att
615 3639 655 3692 sq.
694 3624 722 3692 (²)
741 3624 799 3681 Lih.
827 3630 850 3680 ΙΙ
875 3627 908 3680 de
925 3628 1030 3686 Anima.
1069 3629 1096 3695 (³)
1127 3630 1197 3683 Idem

259 3721 397 3773 recentiori
415 3738 478 3777 aevo
497 3720 613 3789 suscepit
631 3723 879 3790 Raumhurger,
899 3725 931 3778 de
949 3735 1032 3778 morte
1042 3725 1196 3788 voluntaria,

255 3818 324 3871 thes.
342 3818 377 3870 id
396 3833 471 3884 sqq,
489 3815 605 3884 primum
625 3817 986 3887 Alexandriargumcntis
996 3830 1073 3874 utens
1084 3864 1092 3887 ‚
1103 3822 1196 3876 deinde

255 3913 421 3981 singulorum
448 3912 594 3967 Stoicorum
614 3930 734 3980 errores,
760 3931 814 3967 non
829 3932 889 3971 vero
907 3918 993 3989 ipsam
1012 3920 1125 3975 Stoicam
1148 3922 1197 3974 do·

255 4010 387 4075 attinent,
408 4009 578 4080 impugnans.
617 4010 644 4092 (ff)
666 4027 692 4079 p.
716 4011 768 4065 249
787 4027 845 4079 sqq.
942 4034 945 4039 ¹
