2756 4830
708 459 775 528 302

272 656 353 708 tatus
381 639 423 707 ad
457 658 590 709 mortem
618 640 763 712 audacius
796 646 977 735 procurrit,
1013 661 1050 711 ut
1073 669 1112 713 ex
1133 650 1205 738 epi-

270 774 463 844 grammate,
498 757 586 851 quod
620 760 805 828 Laertius
820 759 1009 849 'logaoedico
1033 779 1064 829 et
1086 763 1204 832 arche-

273 871 366 942 buleo
396 891 497 942 metro
528 877 562 941 in
581 900 655 944 enm
674 879 871 970 composuit,
893 879 1017 971 optime
1035 877 1203 951 discimus:

352 1028 386 1081 Τί
404 1048 436 1102 με
454 1026 626 1102 Καρνεάδην,
646 1029 672 1084 τί
690 1049 744 1104 με,
764 1033 871 1105 μοῦσα,
892 1029 971 1093 θέλεις
989 1028 1128 1107 ἕλὲγχεῑνί
1219 1111 1225 1122 .

276 1274 337 1312 eum
365 1259 504 1325 Tarsensi,
524 1258 691 1329 Diogenis
708 1259 843 1329 Babylonii
862 1260 1016 1341 discipui03
1036 1258 1206 1315 deindeillnd

276 1354 387 1408 minime
401 1364 551 1424 tenuerunt,
569 1358 782 1427 Plinium,[de
800 1364 832 1413 H.
845 1364 877 1415 N.
893 1357 1206 1424 V11,t52etvalerium

276 1451 468 1518 Maximum,
495 1454 527 1506 de
548 1453 638 1509 Mirat.
664 1460 685 1520 Ι,
710 1458 736 1518 8,
763 1455 896 1508 communi
922 1470 1053 1508 consensu
1069 1454 1101 1507 de
1116 1454 1210 1506 Anti-

276 1555 375 1616 patro
393 1549 500 1603 Sidonio
522 1566 640 1615 narrare,
660 1565 720 1603 eum
738 1551 852 1618 singulis
867 1550 936 1605 ritae
954 1549 1049 1615 annis,
1076 1564 1131 1603 une
1148 1557 1209 1602 tau·

276 1654 335 1698 tum
360 1645 403 1698 die
434 1647 536 1712 natali,
563 1647 631 1700 febri
658 1654 826 1716 correptum,
849 1662 894 1712 ea,
914 1663 998 1714 quum
1022 1645 1057 1699 ad
1087 1643 1209 1698 ultimam

277 1751 388 1797 aetatem
415 1745 594 1813 pervenisset,
619 1753 788 1798 consumtum
817 1761 883 1800 esse.
927 1744 1096 1813 Relinquitur
1127 1743 1210 1813 igitur

276 1841 350 1894 selus
369 1841 549 1910 Antipater
565 1841 702 1894 Tarsensis
719 1842 835 1907 Stoicus,
852 1842 898 1910 qui
913 1842 1133 1917 Carneaden,
1156 1841 1211 1893 eol-

275 1935 407 2004 loquendo
425 1945 514 1990 eontra
533 1953 593 1990 enm
610 1937 743 2007 disputare
757 1954 896 2004 recusans,
920 1936 1026 2006 seriptis
1051 1937 1143 1990 aeriter
1159 1936 1211 1990 im-

277 2031 425 2101 pugnavit;
444 2033 480 2086 aie
500 2050 551 2101 quo
569 2049 641 2088 cons
665 2033 730 2090 (lie.
752 2034 833 2088 atead.
849 2039 882 2098 11,
899 2036 925 2099 6,
945 2034 977 2087 de
994 2032 1051 2088 Div.
1070 2038 1092 2098 Ι,
1113 2034 1156 2098 20,
1176 2037 1209 2097 11,

277 2130 321 2195 13,
343 2129 375 2182 de
395 2129 439 2182 Off
448 2170 455 2184 .
479 2134 523 2195 111,
539 2131 582 2194 12,
600 2132 645 2194 23,
660 2130 753 2184 Fabr.
769 2134 799 2184 B.
814 2134 860 2184 Gr.
877 2132 909 2194 ΙΙ,
922 2145 949 2197 p.
960 2131 1011 2182 387
1023 2145 1064 2196 sq.
1072 2136 1097 2181 et
1108 2128 1208 2195 Lynd.

278 2222 307 2276 in
324 2229 398 2278 Pan.
416 2241 443 2292 p.
463 2227 496 2277 33
512 2241 589 2292 sqq.,
609 2224 670 2293 qui,
688 2243 715 2292 p.
738 2228 787 2289 35,
813 2225 888 2291 „ubi
904 2223 1057 2294 simpliciter
1072 2223 1210 2293 Antipa-

277 2328 329 2373 ter
359 2320 480 2385 nitatur”‚
509 2320 617 2388 inquit,
654 2321 727 2386 „hie
757 2321 894 2374 Tarsensis
922 2320 1109 2388 intelligendus
1134 2320 1209 2383 est”;

279 2416 407 2484 cujusque
430 2415 566 2468 morientis
586 2432 713 2482 magnum
732 2425 757 2469 et
773 2424 935 2470 constantem
945 2417 1078 2482 animum,
1103 2418 1213 2469 laudau-

271 2511 315 2563 tis
333 2509 448 2564 divinam
469 2510 660 2578 providentiam
678 2513 710 2566 ob
727 2512 854 2566 benefitia
872 2511 923 2582 ipsi
944 2513 1056 2578 tributa,
1086 2520 1213 2566 memorat

280 2610 365 2663 Plut.
388 2609 420 2660 de
439 2607 528 2661 Anim.
551 2613 663 2675 Tranq.,
680 2625 706 2676 p.
718 2610 771 2660 169
785 2614 808 2660 Ι)
829 2617 855 2660 et
872 2609 899 2659 in
917 2608 972 2662 rita
991 2608 1105 2672 Marii,
1122 2611 1212 2676 ρ.133

279 2711 311 2761 Α.
335 2704 451 2759 Stoicum
476 2705 569 2757 saltem
595 2704 679 2756 fuisse
695 2706 784 2769 hune,
804 2705 835 2756 de
855 2722 907 2771 qun
928 2704 1085 2757 Laertius
1109 2705 1213 2757 locutus

281 2810 343 2868 est,
376 2800 593 2869 Antipatrum
617 2804 728 2852 testatur
754 2801 915 2853 stobaeus
945 2800 973 2852 in
990 2801 1059 2852 Flor.
1080 2798 1131 2853 Tit.
1152 2802 1211 2863 119,

280 2910 314 2960 19
345 2907 386 2960 ed.
413 2906 535 2961 Gaisf.:
568 2901 719 2976 Καρνεάδης
746 2896 918 2978 Ἀντιπάτρου
938 2900 1017 2958 αὑτὸν
1037 2902 1213 2975 ἐξαγαγόντος

280 3014 362 3087 γέρων
394 3008 428 3066 ὢν
461 3010 509 3066 δύο
541 3010 647 3074 κύλικας
677 3011 803 3085 ἐκέρασε,
835 3010 881 3070 τὴν
901 3008 947 3084 μὲν
968 2994 1094 3079 κωνείου,
1115 3010 1164 3069 τὴν
1184 3008 1214 3065 δὲ

282 3120 448 3194 οἰνομέλιτος.
474 3117 528 3174 Καὶ
546 3119 594 3177 τὴν
614 3124 660 3174 τοῦ
681 3120 784 3172 κωνείου
804 3124 857 3180 τοῖς
877 3116 977 3179 λοιποῖς
996 3122 1115 3178 Στωϊκοῖς
1136 3114 1213 3171 εἰπὼν

280 3230 434 3302 προπίνειν,
475 3226 523 3286 τὴν
562 3231 608 3281 τοῦ
652 3226 809 3309 οἰνομέλιτος
846 3224 950 3292 ἐξέπιε,
990 3222 1135 3288 διαπαίζων
1166 3222 1215 3280 τὴν

283 3331 400 3392 σπουδὴν
429 3339 479 3387 τῶν
511 3333 633 3396 ἑκουσίως
663 3332 829 3388 ἐκλειπόντων
861 3329 904 3387 τὀν
932 3331 1003 3405 βίον.
1044 3333 1141 3387 Mirum
1161 3332 1216 3383 sor-

283 3433 363 3485 tassis
389 3431 538 3513 videbitur,
564 3433 587 3485 si
612 3434 644 3485 de
661 3433 782 3485 Tarsensi
804 3432 955 3500 aeeipienda
970 3429 1005 3482 sit
1016 3427 1148 3482 Laertii
1163 3436 1216 3479 tra-

284 3529 371 3594 ditio,
398 3530 618 3582 Plutarchum
637 3536 747 3596 utroque
765 3530 822 3580 loeo
842 3529 874 3580 de
888 3543 918 3580 ee
937 3525 1064 3578 moriente
1081 3527 1214 3587 locutum,

285 3626 317 3677 de
341 3642 440 3679 venene
468 3633 556 3677 sumto
580 3641 614 3676 ne
634 3626 712 3678 verbo
738 3625 845 3691 quidem
870 3623 1020 3687 rnnnuisse3
1056 3623 1103 3675 sed
1128 3629 1217 3674 eontra

285 3721 372 3788 magis
395 3721 474 3774 etiam
505 3721 613 3774 mirarer
641 3720 809 3775 Laertium
836 3728 862 3774 et
882 3722 1072 3785 Stobaeum,
1092 3719 1116 3773 si
1136 3718 1216 3772 atium

286 3816 503 3885 Antipatrum
523 3818 652 3882 Stoicum,
682 3835 764 3886 quam
781 3817 949 3870 notissimum
965 3815 1150 3870 Carneadis
1168 3816 1218 3868 ad-

285 3912 445 3978 versarium,
472 3912 587 3969 indicare
609 3913 768 3981 veluissent,
788 3922 842 3966 tarn
863 3913 998 3968 indefinite
1019 3915 1051 3968 de
1067 3929 1097 3968 eo
1113 3914 1218 3966 loeutu-

287 4026 329 4064 τοι
349 4009 442 4065 inisse.
