2756 4830
728 424 795 494 294

281 596 460 681 eontineant
485 612 549 703 (¹)=
586 610 732 695 „Varius
754 610 843 678 nobis
865 633 969 679 sermo
990 608 1072 691 suit,
1102 624 1140 675 ut
1171 609 1207 675 in

283 730 446 814 convivio,
478 728 596 796 nuliam
631 751 701 794 rem
730 726 910 794 aderitum
935 722 1118 810 adducens,
1158 723 1214 791 sed

283 843 408 911 aliunde
427 844 485 911 alio
509 843 722 928 transsiliens,
748 843 845 911 lectus
865 858 912 908 est
931 840 1048 908 deinde
1072 841 1153 907 liber
1172 838 1214 930 (²)

286 960 332 1050 Q.
364 960 495 1028 Sextii
528 960 646 1053 patris,
681 958 808 1046 magni,
838 959 863 1023 si
887 956 967 1049 quid
989 957 1068 1023 mihi
1089 954 1214 1039 eredis,

287 1076 366 1160 viri,
390 1092 438 1161 et,
461 1075 534 1145 licet
552 1090 686 1164 negent,
709 1074 815 1143 Stoici.
852 1074 1018 1163 Quantum
1030 1076 1064 1140 in
1077 1073 1147 1158 illo,
1167 1074 1216 1140 Dii

287 1193 388 1274 honi,
419 1193 529 1279 vigoris
565 1208 633 1277 est,
676 1209 831 1282 quantum
853 1190 977 1259 animi?
1012 1190 1073 1257 hoc
1095 1214 1161 1256 non
1183 1190 1217 1254 in

290 1309 437 1375 omnibus
449 1307 645 1400 philosophis
657 1307 803 1376 invenies.
813 1343 860 1361 -
880 1308 993 1395 Quum
1003 1305 1110 1393 legeris
1122 1307 1215 1373 Sex-

294 1426 415 1509 tium,
450 1423 555 1493 dices:
580 1426 687 1505 Vivit,
710 1425 816 1512 viget,
838 1423 919 1490 liber
945 1439 1014 1508 est,
1039 1446 1134 1514 supra
1153 1422 1216 1488 ho·

291 1541 411 1609 minem
431 1557 494 1625 est,
532 1539 664 1607 dimittit
685 1563 736 1606 me
759 1539 890 1630 plenum
911 1539 1044 1626 ingentis
1074 1537 1218 1606 fiduciae.

288 1656 328 1722 In
361 1679 554 1747 quacunque
588 1656 743 1747 positione
778 1657 891 1753 meptis
924 1657 1008 1741 sim,
1034 1680 1136 1746 quum
1153 1654 1220 1742 lego

292 1772 384 1841 hune
416 1771 550 1858 (fatebor
573 1773 646 1863 tibi)
680 1772 760 1839 libet
788 1796 894 1840 omnes
920 1796 1005 1839 casus
1030 1795 1219 1864 provocare,

292 1888 371 1956 libet
388 1888 575 1956 exclamare:
615 1886 707 1979 Quid
731 1912 826 1956 cessas
844 1888 999 1955 fortuna?
1023 1886 1220 1976 congredere.

293 2007 440 2071 Paratum
464 2003 559 2073 vides.
603 2004 688 2071 Illius
707 2007 846 2071 animum
870 2004 971 2072 induo
1002 2007 1059 2094 qui
1080 2005 1220 2096 quaerit,

294 2122 352 2187 uhi
369 2144 401 2186 se
421 2122 623 2211 experiatur,
651 2122 708 2186 ubi
732 2123 883 2188 virtutem
906 2145 992 2187 suam
1011 2120 1166 2189 ostendat.
1179 2157 1222 2175 -

295 2238 392 2303 Libet
415 2235 535 2327 aliquid
561 2236 677 2303 habere
702 2234 791 2327 quod
814 2238 960 2320 vineam,
989 2240 1077 2324 eujus
1093 2239 1221 2327 patien-

296 2355 338 2418 tia
374 2376 526 2421 exercear.
572 2354 654 2419 Nam
685 2352 747 2420 hoc
774 2377 903 2447 quoque
942 2355 1098 2439 egregium
1130 2352 1221 2421 Sex-

298 2469 375 2534 tius
409 2467 529 2549 habet,
563 2465 660 2558 quod.
683 2485 715 2534 et
747 2467 892 2535 ostendet
920 2470 977 2535 tibi
1013 2471 1119 2537 beatae
1149 2471 1225 2537 vitae

297 2583 567 2671 magnitudinem,
591 2601 622 2651 et
652 2582 899 2677 desperationem
922 2588 989 2673 ejus
1014 2610 1079 2654 non
1101 2585 1225 2653 faciet’'.

298 2700 540 2770 Plutarchus
567 2700 608 2789 (³)
635 2717 741 2767 narrat
758 2727 830 2767 eum
851 2727 868 2767 a
889 2702 1024 2794 publicis
1046 2704 1227 2769 muneribus

303 2816 343 2895 ad
368 2817 600 2908 philosophiam
630 2841 661 2884 se
683 2816 874 2903 traduxisse,
896 2820 930 2884 in
953 2845 1017 2909 qua
1035 2844 1138 2908 quum
1159 2819 1225 2886 dif-

301 2933 429 3001 ficulter
462 2951 495 3001 et
525 2934 655 3001 moleste
677 2933 853 3002 doctrinam
875 2936 934 3001 sibi
956 2961 1136 3026 comparare
1157 2954 1226 3003 stu·

303 3050 409 3135 deret,
431 3075 547 3142 parum
568 3051 688 3133 abfuit,
713 3053 793 3142 quin
817 3076 834 3117 e
851 3054 922 3121 navi
938 3054 972 3117 in
994 3078 1078 3119 mare
1091 3078 1121 3120 se
1135 3077 1227 3147 prae·

308 3169 475 3260 cipitasset.
522 3169 702 3240 Sententiae
733 3171 818 3256 ejus,
857 3194 937 3260 quae
960 3169 1025 3239 huo
1046 3174 1227 3264 pertinent,

308 3343 426 3360 mu-

340 3422 374 3490 (1)
388 3427 436 3492 Ep.
463 3425 506 3476 64.
544 3425 572 3490 (²)
590 3428 626 3477 Ex
652 3424 700 3478 hoe
725 3423 791 3478 libro
809 3433 912 3478 exstant
927 3427 1057 3494 quaedam
1071 3418 1232 3495 iragmcnta,

307 3518 426 3571 noudum
443 3518 567 3583 collecta,
586 3534 634 3572 uec
652 3519 792 3587 separatim
809 3525 905 3575 Graece
922 3522 1006 3589 edita,
1026 3532 1233 3591 quorumtamen

306 3615 435 3668 habemus
460 3614 569 3668 latinam
594 3614 741 3670 versionem
764 3615 830 3686 Rssuf
836 3618 849 3670 s
855 3618 918 3684 ini,
937 3635 1017 3686 quam
1035 3619 1106 3688 operi
1125 3635 1174 3673 sno
1191 3619 1233 3673 iu-

306 3711 391 3764 seruit
416 3712 470 3766 Th.
500 3712 639 3778 Getone,
669 3716 765 3781 opusc.
790 3715 892 3781 Myth„
923 3716 1000 3782 Phys.
1019 3722 1046 3767 et
1062 3717 1120 3771 Eth.
1139 3734 1167 3785 p.
1185 3719 1234 3770 ott

309 3824 369 3877 sqq.
393 3809 437 3863 ‚Ch
463 3807 549 3876 operis
566 3809 650 3863 Praei.
669 3814 704 3862 ΙΙθ
720 3815 763 3864 ΙΙΙ.
782 3811 845 3879 Ejus
869 3812 1013 3866 sententias
1037 3814 1167 3880 quasdam
1192 3830 1233 3869 re·

310 3907 363 3959 fert
380 3909 449 3960 Seu.
467 3910 516 3975 Ep.
540 3907 583 3972 ὅθ,
602 3905 635 3960 de
652 3910 693 3960 Ira
709 3910 741 3972 11,
760 3909 803 3973 36,
822 3911 866 3972 ΙΙΙ,
885 3911 919 3963 36
936 3917 963 3963 et
979 3909 1079 3979 passim
1096 3909 1169 3966 alibi.
1206 3911 1233 3977 (Ι)
1260 3898 1267 3919 '

309 4007 347 4057 De
372 4004 440 4072 proi.
459 4002 487 4056 in
504 4003 564 4059 virt.
583 4010 650 4058 sent.
668 4020 695 4073 p.
713 4007 748 4057 77
765 4008 795 4057 Ι).
814 4008 844 4057 Ε.
