2712 4842
616 431 758 500 ·284

253 629 350 699 pora,
383 611 501 702 quibus
537 627 671 706 uterque
693 614 789 694 vixit,
812 613 903 700 louge
923 611 1043 680 diversa
1069 612 1187 695 fuisse,

254 724 443 818 videturque
486 729 669 812 verisimile,
714 732 741 797 si
770 733 870 799 Ceto
902 730 1085 798 Socratis
1118 729 1190 797 loca

254 840 380 924 fuisset,
417 869 539 937 eum'e
575 845 695 914 Stoicae
731 845 965 939 philosophiae*
984 847 1187 938 praeceptis,

254 960 360 1050 potius
381 963 493 1027 reneni
512 962 663 1054 poculum
683 962 924 1044 exhaustorum,
948 985 1046 1051 quam
1068 961 1185 1029 volun·

256 1076 365 1140 tariam
387 1093 544 1160 mortem,
579 1094 616 1144 ut
643 1078 730 1145 falsas
751 1080 878 1169 Anyti
900 1095 932 1143 et
951 1077 1098 1168 Melyti
1118 1078 1186 1144 cri·

254 1193 438 1259 minationes
460 1192 639 1280 aufugeret,
667 1197 886 1288 appetiturum
903 1194 1008 1262 fuisse.
1055 1195 1186 1273 „Jun-

255 1310 304 1374 nis
334 1333 391 1395 ego
423 1311 554 1394 Cassi,
587 1327 619 1377 et
647 1313 682 1377 in
708 1313 803 1378 rebus
827 1310 932 1400 tyro'’,
964 1309 1186 1398 inquitBru·

253 1441 316 1490 tus
336 1423 401 1515 (¹),
426 1428 592 1494 Catonis
614 1451 732 1514 gener,
754 1425 874 1514 aliquot
893 1426 983 1492 annis
1001 1440 1071 1516 post
1087 1427 1187 1491 soceri

251 1558 407 1626 mortem,
431 1544 560 1626 „nescio
581 1541 760 1632 quomodo,
783 1544 938 1609 rationem
962 1537 1125 1629 quandam
1134 1562 1185 1604 se-

252 1675 343 1725 cutus
376 1657 610 1748 philosophiae,
645 1661 825 1749 improbavi
851 1660 1062 1736 Catonem,
1098 1652 1187 1745 quod

252 1797 363 1847 necem
383 1775 442 1839 sibi
467 1776 683 1843 conscivisset:
710 1777 798 1867 quasi
820 1773 906 1841 nefas
918 1775 977 1858 sit,
1009 1795 1115 1862 neque
1146 1768 1187 1835 ad

235 1891 356 1958 'virum
385 1892 541 1982 pertineat
562 1893 769 1959 succumbere
790 1890 953 1970 fortunae,
977 1906 1009 1955 et
1029 1913 1095 1956 non
1113 1887 1184 1953 for-

253 2008 326 2073 titer
347 2008 511 2099 excipere,
540 2007 702 2098 quidquid
726 2031 813 2077 casus
838 2006 967 2089 tulerit,
995 2003 1051 2071 s'ed
1073 2003 1109 2071 id
1130 2028 1186 2070 re·

250 2123 370 2211 sugere.
415 2125 512 2192 Nunc
535 2123 716 2200 infortuniis
737 2126 772 2189 in
797 2124 985 2192 contrariam
997 2123 1186 2189 sententiam

253 2238 387 2307 discessi.
431 2241 474 2306 Et
507 2239 634 2306 sidens
660 2239 695 2306 id
719 2238 807 2330 quod
830 2241 865 2306 in
887 2240 1032 2307 manibus
1052 2255 1099 2304 est
1120 2262 1186 2305 nou
1277 2286 1283 2307 1

255 2373 341 2426 recte
376 2355 613 2446 dispensaverit,
643 2380 709 2423 non
732 2355 845 2424 facium
864 2372 900 2423 ut
924 2355 1015 2422 aliam
1033 2352 1074 2419 de
1098 2355 1185 2420 inte-

250 2498 308 2561 gro
336 2497 426 2565 spem
456 2489 489 2538 et
515 2490 705 2561 apparatum
724 2474 890 2564 experiar,
921 2472 978 2538 sed
1001 2473 1196 2539 occumbam.

249 2589 410 2658 fortunam
441 2586 580 2655 laudans.
634 2586 744 2655 Idibus
779 2590 943 2656 Martiis
979 2591 1063 2655 enim
1092 2590 1185 2655 vitam

250 2729 352 2772 meatu
373 2706 490 2796 patriae
511 2702 694 2790 largiundo,
719 2707 815 2773 vitam
838 2729 935 2795 quarn
958 2703 1030 2791 degi
1054 2704 1185 2770 liberam

250 2839 283 2887 et
305 2820 493 2910 praeclaram
508 2818 732 2891 reddidi’'.‚-
756 2822 955 2904 „Cat0n'',
977 2838 1014 2888 ut
1034 2821 1183 2888 aitnobi-

248 2940 360 3006 lissima
397 2938 509 3004 mulier
544 2938 703 3020 francica,
746 2936 836 3006 Mad.
872 2936 915 3005 tle
948 2912 1058 3005 srael
1089 2936 1183 3004 Hol-

232 3057 356 3122 .stein
371 3052 434 3143 (ἲ),
459 3077 515 3138 „se
536 3052 711 3142 poignarda
734 3079 819 3145 pour
842 3050 1078 3147 apprendreau
1087 3077 1180 3119 mon·

249 3173 290 3239 de
322 3170 403 3263 qu'il
431 3171 552 3237 existoit
575 3194 689 3237 encore
710 3194 773 3236 une
796 3170 867 3236 binc
890 3170 970 3237 libre
989 3193 1059 3236 sous
1084 3168 1179 3235 l’em-

201 3346 205 3357 .
248 3292 318 3379 pire
349 3286 390 3352 de
424 3288 613 3352 Ce'sar.--
644 3287 690 3353 Ce
721 3283 823 3371 grand
848 3269 1084 3377 citoyen‘savoit
1102 3284 1182 3375 qu'il

248 3403 426 3471 s’irnmoloit
445 3427 511 3469 non
535 3406 554 3467 d
575 3401 744 3468 lui-meme
759 3396 905 3485 ,maisi
930 3401 958 3467 la
980 3425 1069 3468 cause
1093 3399 1182 3467 dela

247 3522 385 3604 libertt'33
411 3537 442 3585 et
467 3518 552 3587 selon
575 3517 617 3584 les
638 3519 865 3591 circonstances
890 3534 971 3584 cette
991 3541 1080 3585 cause
1101 3531 1178 3608 peut

247 3641 350 3725 exiger
372 3633 552 3702 d'attendre
573 3634 601 3701 la
623 3652 707 3702 mort
734 3658 856 3703 comme
876 3634 1065 3718 Socrate,
1085 3658 1125 3701 ou
1138 3632 1185 3703 de.

248 3754 329 3822 sela
350 3752 474 3820 donner
498 3776 620 3820 comme
641 3753 805 3819 Caton''.

244 3877 416 3967 ”fil-flul.
444 3897 473 3950 in
499 3896 553 3952 rita
566 3913 597 3965 p.
617 3896 684 3948 1002
701 3899 731 3961 E,
749 3899 780 3949 F.
817 3894 846 3961 (²)
866 3897 931 3962 Opp.
952 3910 1023 3953 omn.
1042 3897 1116 3949 Tum.
1135 3898 1179 3959 111,
