2712 4842
619 484 685 551 227

174 664 282 747 tam’';
324 663 413 753 quod
443 665 588 734 ultimum
620 669 754 735 verbum
784 668 948 737 Vossius
971 669 1112 758 seposuit

174 805 235 871 pro
262 781 385 868 ⁴vulgari
410 788 523 850 vitam.
567 783 703 852 Videtur
727 787 855 855 Varro
872 786 935 854 hoc
962 785 1114 873 exemplo·

172 896 423 988 desperationem
451 901 532 966 vitae
569 902 604 968 in
626 900 752 968 adversa
774 903 900 969 fortune
930 901 1109 991 reprehen-

175 1000 253 1080 dere
298 1016 465 1098 voluisse,
514 1032 552 1082 ut
600 1017 731 1108 quidem
778 1022 915 1106 conjecit
958 1022 1113 1086 Meroe·

175 1131 260 1196 rius
283 1130 338 1224 (¹).
383 1134 531 1201 Tertium
566 1134 601 1200 in
634 1159 710 1203 voce
728 1159 948 1226 gangraenas:
1005 1137 1113 1220 „Non

176 1248 408 1340 vituperamus,
431 1274 537 1343 quum
557 1251 687 1318 sciamus
709 1250 843 1338 digitum
853 1250 994 1342 praecidi
1010 1276 1111 1340 opor-

177 1381 267 1449 tere,
301 1366 328 1435 si
356 1367 401 1434 ob
422 1390 491 1435 eam
518 1391 588 1434 rem
618 1391 790 1455 gangraena
816 1392 883 1436 non
912 1370 952 1435 sit
974 1366 1014 1433 ad
1032 1370 1113 1435 bra-

177 1480 289 1549 ehium
311 1485 470 1551 ventura''.
479 1483 534 1571 (²).
557 1485 634 1574 Quo
655 1483 725 1555 leco
746 1484 909 1551 manifeste
932 1485 1113 1553 Stoicorum

177 1599 315 1675 sectatur
337 1606 457 1697 εὔλογον
477 1605 655 1698 ἐξαγωγήν,
682 1624 714 1674 et
746 1623 968 1694 argumentum
1002 1604 1115 1672 Stoicis

179 1723 266 1790 haud
297 1724 484 1815 infrequens
518 1722 671 1808 adhibet,
703 1741 739 1791 nt
772 1724 890 1812 probet
924 1722 970 1794 fas
1004 1745 1068 1787 esse
1095 1744 1114 1786 e

178 1841 241 1907 vita
280 1842 366 1907 abire
400 1856 433 1907 et
464 1842 606 1908 animum
626 1842 788 1929 integrum
810 1863 954 1918 servale,
984 1836 1114 1930 quando

178 1981 295 2048 corpus
324 1955 365 2022 ad
400 1957 512 2026 vitium
530 1958 651 2025 invitet.
696 1934 859 2049 Quartum
881 1957 916 2021 in
940 1978 1016 2023 voce
1043 1978 1114 2020 nu-

179 2097 290 2139 merus
314 2072 376 2162 ().·
434 2072 559 2164 „Quid
593 2099 675 2167 puer
709 2089 866 2160 rogasset,
902 2088 934 2136 et
961 2087 1115 2162 petasatus

178 2191 283 2278 capite
312 2189 491 2274 annuisset,
521 2215 558 2257 ac
592 2189 755 2258 discedens
787 2212 920 2255 numero
948 2189 1053 2255 venire
1071 2186 1115 2255 ait

177 2288 442 2375 adolescentem''.
487 2306 650 2395 Quintum
671 2308 705 2372 in
728 2330 804 2374 voce
828 2308 940 2372 levare
962 2303 1025 2394 (‘):

284 2452 431 2512 Quamnam
448 2455 474 2500 tc
492 2447 577 2500 dicam
596 2465 653 2501 esse
670 2450 772 2515 feram,

281 2544 332 2608 Qui
349 2560 430 2597 manu
448 2543 563 2612 eorporis
580 2540 697 2597 fervidos

283 2639 378 2709 aperis
394 2640 468 2695 lacus
484 2638 643 2706 sanguinis,

280 2738 367 2802 Atque
384 2734 440 2788 vita
457 2743 484 2787 ts
500 2735 571 2791 levas

274 2836 375 2909 ,Ferreo
393 2835 477 2884 ense‘t

175 2959 309 3025 Sextum
332 2955 473 3048 denique
490 2958 525 3022 in
537 2979 612 3024 voce
621 2956 892 3037 medicamentum
904 2955 958 3046 (ῆι
974 2959 1110 3046 „Quae-

174 3076 218 3139 rit
250 3073 370 3141 ibidem
404 3075 446 3143 ab
479 3071 700 3154 Annihale‚
722 3097 789 3149 cut·
809 3073 926 3136 biberit
963 3070 1108 3139 medica-

176 3206 341 3259 mentum:
376 3190 463 3280 Quia
498 3190 670 3271 Romanis,
709 3188 838 3276 inquit,
877 3211 927 3252 me
951 3189 1112 3254 Prusia-

174 3305 245 3373 des
265 3305 385 3372 tradere
414 3304 572 3390 volebat'';
600 3328 680 3395 quae
704 3290 816 3388 caussa,
843 3298 1111 3371 esummoliber·

119 3438 123 3444 ’
176 3426 246 3490 tatis
282 3423 387 3493 studio
406 3420 600 3515 repetenda,
622 3422 772 3513 primaria
794 3421 905 3490 Stoicis
927 3420 1025 3487 suite
1048 3423 1111 3487 vita

173 3610 311 3629 buu-

211 3698 240 3766 (1)
264 3703 293 3750 tn
311 3697 381 3751 netis
399 3698 433 3751 ad
450 3698 603 3764 Nonium,
623 3714 650 3767 p.
670 3699 729 3750 180.
768 3698 795 3764 (²)
814 3700 853 3749 Ita
870 3696 919 3748 hoe
934 3695 1112 3762 fragmentum

175 3793 261 3863 recepi
291 3810 322 3846 et
347 3793 458 3863 Lipsii
487 3794 688 3857 emendatione,
716 3794 755 3847 tt.
787 3797 854 3860 opp.
880 3799 944 3846 tum.
964 3795 1110 3860 1‚p.270.

176 3890 206 3957 (θ)
234 3906 262 3959 p.
289 3892 350 3944 352.
388 3890 415 3957 (¹⁵)
443 3904 471 3959 p.
489 3893 550 3944 336.
569 3891 609 3944 Cf.
628 3889 718 3957 Lips.
744 3893 815 3944 Man.
834 3888 868 3941 ad
886 3888 964 3942 Stoic.
982 3888 1048 3956 phil.
1068 3892 1111 3951 ΙΙΙ,

176 3986 243 4041 diss.
274 3987 317 4052 23,
347 4002 427 4053 quem
454 3986 482 4038 in
503 3986 590 4054 hujus
608 3983 658 4038 loci
675 3983 788 4037 lectione
807 3991 913 4037 secutus
931 4000 1001 4040 sum.
1038 3983 1066 4051 (Β)
1086 4000 1113 4053 p.

176 4083 237 4137 345.
257 4082 296 4137 Cf.
316 4080 498 4138 mercerius
516 4081 544 4135 in
561 4090 616 4138 not.
636 4081 713 4136 adh.
731 4097 776 4146 n,
795 4098 822 4150 p.
842 4085 893 4134 180
917 4096 958 4148 sq.
1037 4100 1041 4105 ’

940 4179 1003 4244 15*
