<?xml version="1.0" encoding="UTF-8"?>
<!DOCTYPE html PUBLIC "-//W3C//DTD XHTML 1.0 Transitional//EN"
    "http://www.w3.org/TR/xhtml1/DTD/xhtml1-transitional.dtd">
<html xmlns="http://www.w3.org/1999/xhtml" xml:lang="en" lang="en">
 <head>
  <title>
</title>
<meta http-equiv="Content-Type" content="text/html;charset=utf-8" />
  <meta name='ocr-system' content='tesseract 3.04.00' />
  <meta name='ocr-capabilities' content='ocr_page ocr_carea ocr_par ocr_line ocrx_word'/>
</head>
<body>
  <div class='ocr_page' id='page_1' title='image "./periteseulogoue00baumgoog_0027.png"; bbox 0 0 2798 4836; ppageno 0'>
   <div class='ocr_carea' id='block_1_1' title="bbox 700 466 720 530">
    <p class='ocr_par' dir='ltr' id='par_1_1' title="bbox 700 466 720 530">
     <span class='ocr_line' id='line_1_1' title="bbox 700 466 720 530; baseline 0 0"><span class='ocrx_word' id='word_1_1' title='bbox 700 466 720 530; x_wconf 91' lang='lat'><em>8</em></span> 
     </span>
    </p>
   </div>
   <div class='ocr_carea' id='block_1_2' title="bbox 249 641 1240 3118">
    <p class='ocr_par' dir='ltr' id='par_1_2' title="bbox 252 641 1240 2070">
     <span class='ocr_line' id='line_1_2' title="bbox 261 641 1194 741; baseline 0.012 -35"><span class='ocrx_word' id='word_1_2' title='bbox 261 642 297 708; x_wconf 89' lang='lat' dir='ltr'>in</span> <span class='ocrx_word' id='word_1_3' title='bbox 331 641 407 711; x_wconf 66' lang='lat' dir='ltr'>hac‘</span> <span class='ocrx_word' id='word_1_4' title='bbox 428 663 520 733; x_wconf 83' lang='lat' dir='ltr'>parte</span> <span class='ocrx_word' id='word_1_5' title='bbox 553 648 770 733; x_wconf 81' lang='lat' dir='ltr'>haberentur3</span> <span class='ocrx_word' id='word_1_6' title='bbox 813 651 1194 741; x_wconf 67' lang='lat' dir='ltr'>posterioremueroita</span> 
     </span>
     <span class='ocr_line' id='line_1_3' title="bbox 260 756 1193 849; baseline 0.013 -26"><span class='ocrx_word' id='word_1_7' title='bbox 260 756 452 846; x_wconf 68' lang='lat' dir='ltr'>negligantur</span> <span class='ocrx_word' id='word_1_8' title='bbox 474 778 673 849; x_wconf 79' lang='lat' dir='ltr'>tractarunt,</span> <span class='ocrx_word' id='word_1_9' title='bbox 707 783 875 835; x_wconf 87' lang='lat' dir='ltr'>uteorum</span> <span class='ocrx_word' id='word_1_10' title='bbox 897 768 997 839; x_wconf 83' lang='lat' dir='ltr'>libros</span> <span class='ocrx_word' id='word_1_11' title='bbox 1020 765 1060 834; x_wconf 87' lang='lat' dir='ltr'>de</span> <span class='ocrx_word' id='word_1_12' title='bbox 1080 767 1193 837; x_wconf 80' lang='lat' dir='ltr'>rheto-</span> 
     </span>
     <span class='ocr_line' id='line_1_4' title="bbox 260 874 1190 955; baseline 0.014 -19"><span class='ocrx_word' id='word_1_13' title='bbox 260 874 325 941; x_wconf 89' lang='lat' dir='ltr'>rica</span> <span class='ocrx_word' id='word_1_14' title='bbox 358 876 510 947; x_wconf 87' lang='lat' dir='ltr'>Cicero</span> <span class='ocrx_word' id='word_1_15' title='bbox 545 880 748 951; x_wconf 84' lang='lat' dir='ltr'>vehementer</span> <span class='ocrx_word' id='word_1_16' title='bbox 779 883 1190 955; x_wconf 73' lang='lat' dir='ltr'>contemneret...Dialecti-</span> 
     </span>
     <span class='ocr_line' id='line_1_5' title="bbox 260 988 1194 1090; baseline 0.01 -35"><span class='ocrx_word' id='word_1_17' title='bbox 260 1011 310 1055; x_wconf 87' lang='lat' dir='ltr'>ees</span> <span class='ocrx_word' id='word_1_18' title='bbox 332 988 432 1059; x_wconf 86' lang='lat' dir='ltr'>finem</span> <span class='ocrx_word' id='word_1_19' title='bbox 453 1018 492 1060; x_wconf 83' lang='lat' dir='ltr'>ex</span> <span class='ocrx_word' id='word_1_20' title='bbox 517 994 696 1065; x_wconf 86' lang='lat' dir='ltr'>Stoicorum</span> <span class='ocrx_word' id='word_1_21' title='bbox 714 1015 820 1066; x_wconf 88' lang='lat' dir='ltr'>mente</span> <span class='ocrx_word' id='word_1_22' title='bbox 840 1001 971 1089; x_wconf 84' lang='lat' dir='ltr'>exponit</span> <span class='ocrx_word' id='word_1_23' title='bbox 992 996 1194 1090; x_wconf 80' lang='lat' dir='ltr'>Catoapud</span> 
     </span>
     <span class='ocr_line' id='line_1_6' title="bbox 258 1096 1193 1204; baseline 0.009 -33"><span class='ocrx_word' id='word_1_24' title='bbox 258 1106 522 1179; x_wconf 81' lang='lat' dir='ltr'><strong>Ciceronem</strong></span> <span class='ocrx_word' id='word_1_25' title='bbox 559 1110 625 1202; x_wconf 80' lang='lat'><strong>(¹),</strong></span> <span class='ocrx_word' id='word_1_26' title='bbox 658 1096 715 1204; x_wconf 83' lang='lat' dir='ltr'>qui</span> <span class='ocrx_word' id='word_1_27' title='bbox 748 1114 836 1184; x_wconf 87' lang='lat' dir='ltr'>locus</span> <span class='ocrx_word' id='word_1_28' title='bbox 870 1114 955 1185; x_wconf 85' lang='lat' dir='ltr'>velut</span> <span class='ocrx_word' id='word_1_29' title='bbox 976 1115 1193 1187; x_wconf 86' lang='lat' dir='ltr'>commentarii</span> 
     </span>
     <span class='ocr_line' id='line_1_7' title="bbox 255 1222 1191 1325; baseline 0.015 -38"><span class='ocrx_word' id='word_1_30' title='bbox 255 1222 354 1323; x_wconf 84' lang='lat' dir='ltr'>instar</span> <span class='ocrx_word' id='word_1_31' title='bbox 384 1227 637 1299; x_wconf 84' lang='lat' dir='ltr'>accommodatus</span> <span class='ocrx_word' id='word_1_32' title='bbox 659 1246 706 1299; x_wconf 85' lang='lat' dir='ltr'>est</span> <span class='ocrx_word' id='word_1_33' title='bbox 725 1229 766 1301; x_wconf 81' lang='lat' dir='ltr'>ad</span> <span class='ocrx_word' id='word_1_34' title='bbox 787 1255 847 1316; x_wconf 86' lang='lat' dir='ltr'>ea,</span> <span class='ocrx_word' id='word_1_35' title='bbox 880 1256 961 1325; x_wconf 82' lang='lat' dir='ltr'>quae</span> <span class='ocrx_word' id='word_1_36' title='bbox 985 1229 1081 1307; x_wconf 74' lang='lat' dir='ltr'>modo</span> <span class='ocrx_word' id='word_1_37' title='bbox 1104 1229 1191 1315; x_wconf 80' lang='lat' dir='ltr'>dixi-</span> 
     </span>
     <span class='ocr_line' id='line_1_8' title="bbox 256 1348 1191 1444; baseline 0.006 -29"><span class='ocrx_word' id='word_1_38' title='bbox 256 1372 327 1415; x_wconf 85' lang='lat' dir='ltr'>mus</span> <span class='ocrx_word' id='word_1_39' title='bbox 364 1348 406 1417; x_wconf 88' lang='lat' dir='ltr'>de</span> <span class='ocrx_word' id='word_1_40' title='bbox 449 1353 668 1444; x_wconf 80' lang='grc' dir='ltr'><em>ἀπροπτωσίᾳ,</em></span> <span class='ocrx_word' id='word_1_41' title='bbox 711 1358 932 1442; x_wconf 82' lang='grc' dir='ltr'><em>ἀνεικαιότντι,</em></span> <span class='ocrx_word' id='word_1_42' title='bbox 972 1352 1126 1444; x_wconf 71' lang='grc' dir='ltr'><em>ἀνελεγξία</em></span> <span class='ocrx_word' id='word_1_43' title='bbox 1159 1372 1191 1422; x_wconf 89' lang='lat' dir='ltr'>et</span> 
     </span>
     <span class='ocr_line' id='line_1_9' title="bbox 254 1474 1192 1572; baseline 0.011 -33"><span class='ocrx_word' id='word_1_44' title='bbox 254 1474 457 1564; x_wconf 73' lang='grc' dir='ltr'><em>ἀματαιότητα</em></span> <span class='ocrx_word' id='word_1_45' title='bbox 510 1479 692 1548; x_wconf 87' lang='lat' dir='ltr'>Dialectices</span> <span class='ocrx_word' id='word_1_46' title='bbox 725 1482 823 1572; x_wconf 82' lang='lat' dir='ltr'>ipsius</span> <span class='ocrx_word' id='word_1_47' title='bbox 857 1479 935 1548; x_wconf 86' lang='lat' dir='ltr'>duas</span> <span class='ocrx_word' id='word_1_48' title='bbox 958 1482 1192 1568; x_wconf 69' lang='lat' dir='ltr'>constituebant</span> 
     </span>
     <span class='ocr_line' id='line_1_10' title="bbox 253 1602 1240 1697; baseline 0.005 -33"><span class='ocrx_word' id='word_1_49' title='bbox 253 1615 382 1693; x_wconf 83' lang='lat' dir='ltr'>partes,</span> <span class='ocrx_word' id='word_1_50' title='bbox 416 1623 485 1668; x_wconf 83' lang='lat' dir='ltr'>eam</span> <span class='ocrx_word' id='word_1_51' title='bbox 519 1626 600 1691; x_wconf 86' lang='lat' dir='ltr'>quae</span> <span class='ocrx_word' id='word_1_52' title='bbox 626 1620 673 1669; x_wconf 88' lang='lat' dir='ltr'>est</span> <span class='ocrx_word' id='word_1_53' title='bbox 697 1603 762 1697; x_wconf 79' lang='grc' dir='ltr'>περὶ</span> <span class='ocrx_word' id='word_1_54' title='bbox 792 1611 850 1672; x_wconf 84' lang='grc' dir='ltr'>τῶν</span> <span class='ocrx_word' id='word_1_55' title='bbox 875 1607 1117 1695; x_wconf 80' lang='grc' dir='ltr'><em>σημαινομένων,</em></span> <span class='ocrx_word' id='word_1_56' title='bbox 1150 1602 1192 1670; x_wconf 86' lang='lat' dir='ltr'>de</span> <span class='ocrx_word' id='word_1_57' title='bbox 1237 1690 1240 1694; x_wconf 10' lang='grc' dir='ltr'><strong>Δ</strong></span> 
     </span>
     <span class='ocr_line' id='line_1_11' title="bbox 253 1720 1190 1831; baseline 0.016 -42"><span class='ocrx_word' id='word_1_58' title='bbox 253 1725 350 1791; x_wconf 86' lang='lat' dir='ltr'>rebus</span> <span class='ocrx_word' id='word_1_59' title='bbox 371 1720 571 1831; x_wconf 62' lang='lat' dir='ltr'>significarim</span> <span class='ocrx_word' id='word_1_60' title='bbox 602 1724 729 1793; x_wconf 87' lang='lat' dir='ltr'>alteram</span> <span class='ocrx_word' id='word_1_61' title='bbox 750 1751 848 1813; x_wconf 86' lang='lat' dir='ltr'>vero,</span> <span class='ocrx_word' id='word_1_62' title='bbox 873 1727 914 1795; x_wconf 85' lang='lat' dir='ltr'>de</span> <span class='ocrx_word' id='word_1_63' title='bbox 935 1753 1034 1812; x_wconf 81' lang='lat' dir='ltr'>rone,</span> <span class='ocrx_word' id='word_1_64' title='bbox 1060 1728 1127 1819; x_wconf 77' lang='grc' dir='ltr'>περὶ</span> <span class='ocrx_word' id='word_1_65' title='bbox 1138 1738 1190 1804; x_wconf 73' lang='grc' dir='ltr'>’τῆς</span> 
     </span>
     <span class='ocr_line' id='line_1_12' title="bbox 253 1847 1189 1945; baseline 0.005 -31"><span class='ocrx_word' id='word_1_66' title='bbox 253 1855 357 1938; x_wconf 66' lang='grc' dir='ltr'><em>φωνῆς.</em></span> <span class='ocrx_word' id='word_1_67' title='bbox 398 1847 515 1915; x_wconf 82' lang='lat' dir='ltr'>Prioria</span> <span class='ocrx_word' id='word_1_68' title='bbox 543 1849 628 1916; x_wconf 88' lang='lat' dir='ltr'>inter</span> <span class='ocrx_word' id='word_1_69' title='bbox 659 1852 732 1920; x_wconf 81' lang='lat' dir='ltr'>alios</span> <span class='ocrx_word' id='word_1_70' title='bbox 749 1853 836 1921; x_wconf 89' lang='lat' dir='ltr'>locus</span> <span class='ocrx_word' id='word_1_71' title='bbox 858 1872 924 1922; x_wconf 84' lang='lat' dir='ltr'>erat</span> <span class='ocrx_word' id='word_1_72' title='bbox 944 1853 1009 1945; x_wconf 76' lang='grc' dir='ltr'>περὲ</span> <span class='ocrx_word' id='word_1_73' title='bbox 1036 1860 1093 1921; x_wconf 86' lang='grc' dir='ltr'>τῶν</span> <span class='ocrx_word' id='word_1_74' title='bbox 1112 1879 1189 1945; x_wconf 57' lang='grc' dir='ltr'><em>μανι·</em></span> 
     </span>
     <span class='ocr_line' id='line_1_13' title="bbox 252 1972 1058 2070; baseline 0.01 -31"><span class='ocrx_word' id='word_1_75' title='bbox 252 1978 384 2056; x_wconf 83' lang='grc' dir='ltr'><em>τασιῶν,</em></span> <span class='ocrx_word' id='word_1_76' title='bbox 407 1972 448 2041; x_wconf 87' lang='lat' dir='ltr'>de</span> <span class='ocrx_word' id='word_1_77' title='bbox 470 1974 642 2045; x_wconf 82' lang='lat' dir='ltr'>visionibus</span> <span class='ocrx_word' id='word_1_78' title='bbox 663 2004 720 2046; x_wconf 80' lang='lat' dir='ltr'>seu</span> <span class='ocrx_word' id='word_1_79' title='bbox 741 1978 783 2046; x_wconf 81' lang='lat' dir='ltr'>de</span> <span class='ocrx_word' id='word_1_80' title='bbox 809 1983 1058 2070; x_wconf 80' lang='lat' dir='ltr'>cogitationibus.</span> 
     </span>
    </p>

    <p class='ocr_par' dir='ltr' id='par_1_3' title="bbox 249 2095 1187 3118">
     <span class='ocr_line' id='line_1_14' title="bbox 297 2095 1187 2192; baseline -0.009 -25"><span class='ocrx_word' id='word_1_81' title='bbox 297 2100 367 2167; x_wconf 89' lang='lat' dir='ltr'>Vox</span> <span class='ocrx_word' id='word_1_82' title='bbox 389 2100 532 2190; x_wconf 74' lang='grc' dir='ltr'><em>φαντασίαι</em></span> <span class='ocrx_word' id='word_1_83' title='bbox 556 2096 597 2191; x_wconf 76' lang='lat'>(²)</span> <span class='ocrx_word' id='word_1_84' title='bbox 632 2098 719 2192; x_wconf 86' lang='lat' dir='ltr'>apud</span> <span class='ocrx_word' id='word_1_85' title='bbox 757 2099 877 2167; x_wconf 88' lang='lat' dir='ltr'>Stoicos</span> <span class='ocrx_word' id='word_1_86' title='bbox 902 2097 1045 2162; x_wconf 86' lang='lat' dir='ltr'>universe</span> <span class='ocrx_word' id='word_1_87' title='bbox 1069 2095 1187 2182; x_wconf 84' lang='lat' dir='ltr'>cogita·</span> 
     </span>
     <span class='ocr_line' id='line_1_15' title="bbox 252 2209 1186 2302; baseline -0.003 -21"><span class='ocrx_word' id='word_1_88' title='bbox 252 2215 371 2283; x_wconf 88' lang='lat' dir='ltr'>tionem</span> <span class='ocrx_word' id='word_1_89' title='bbox 393 2215 566 2301; x_wconf 81' lang='lat' dir='ltr'>significat,</span> <span class='ocrx_word' id='word_1_90' title='bbox 589 2231 621 2281; x_wconf 87' lang='lat' dir='ltr'>et</span> <span class='ocrx_word' id='word_1_91' title='bbox 646 2218 748 2302; x_wconf 85' lang='lat' dir='ltr'>probe</span> <span class='ocrx_word' id='word_1_92' title='bbox 768 2209 993 2299; x_wconf 75' lang='lat' dir='ltr'>distinguenda</span> <span class='ocrx_word' id='word_1_93' title='bbox 1012 2228 1058 2277; x_wconf 87' lang='lat' dir='ltr'>est</span> <span class='ocrx_word' id='word_1_94' title='bbox 1077 2213 1116 2277; x_wconf 88' lang='lat' dir='ltr'>ab</span> <span class='ocrx_word' id='word_1_95' title='bbox 1137 2210 1186 2279; x_wconf 87' lang='lat' dir='ltr'>al-</span> 
     </span>
     <span class='ocr_line' id='line_1_16' title="bbox 250 2327 1182 2422; baseline -0.003 -27"><span class='ocrx_word' id='word_1_96' title='bbox 250 2346 317 2397; x_wconf 84' lang='lat' dir='ltr'>tera</span> <span class='ocrx_word' id='word_1_97' title='bbox 360 2333 427 2418; x_wconf 90' lang='lat' dir='ltr'>ejus</span> <span class='ocrx_word' id='word_1_98' title='bbox 457 2329 703 2418; x_wconf 74' lang='lat' dir='ltr'>sIgnification&#39;e‚</span> <span class='ocrx_word' id='word_1_99' title='bbox 736 2356 800 2422; x_wconf 74' lang='lat' dir='ltr'>qua</span> <span class='ocrx_word' id='word_1_100' title='bbox 834 2352 891 2396; x_wconf 85' lang='lat' dir='ltr'>nos</span> <span class='ocrx_word' id='word_1_101' title='bbox 920 2327 1011 2415; x_wconf 80' lang='lat' dir='ltr'>vulgo</span> <span class='ocrx_word' id='word_1_102' title='bbox 1042 2329 1182 2409; x_wconf 79' lang='lat' dir='ltr'>utimur,</span> 
     </span>
     <span class='ocr_line' id='line_1_17' title="bbox 251 2444 1184 2536; baseline 0 -25"><span class='ocrx_word' id='word_1_103' title='bbox 251 2471 355 2536; x_wconf 86' lang='lat' dir='ltr'>quum</span> <span class='ocrx_word' id='word_1_104' title='bbox 385 2444 425 2513; x_wconf 87' lang='lat' dir='ltr'>de</span> <span class='ocrx_word' id='word_1_105' title='bbox 446 2445 604 2526; x_wconf 57' lang='lat' dir='ltr'>‚facultate</span> <span class='ocrx_word' id='word_1_106' title='bbox 635 2470 786 2523; x_wconf 81' lang='lat' dir='ltr'>sensuum</span> <span class='ocrx_word' id='word_1_107' title='bbox 818 2445 930 2513; x_wconf 85' lang='lat' dir='ltr'>vicaria</span> <span class='ocrx_word' id='word_1_108' title='bbox 958 2462 990 2512; x_wconf 89' lang='lat' dir='ltr'>et</span> <span class='ocrx_word' id='word_1_109' title='bbox 1012 2446 1184 2534; x_wconf 77' lang='lat' dir='ltr'>imaginum</span> 
     </span>
     <span class='ocr_line' id='line_1_18' title="bbox 250 2559 1184 2654; baseline 0.003 -28"><span class='ocrx_word' id='word_1_110' title='bbox 250 2563 464 2630; x_wconf 81' lang='lat' dir='ltr'>instauratrioe</span> <span class='ocrx_word' id='word_1_111' title='bbox 509 2561 682 2654; x_wconf 87' lang='lat' dir='ltr'>loquimur.</span> <span class='ocrx_word' id='word_1_112' title='bbox 751 2563 881 2628; x_wconf 86' lang='lat' dir='ltr'>Variant</span> <span class='ocrx_word' id='word_1_113' title='bbox 933 2585 1064 2654; x_wconf 87' lang='lat' dir='ltr'>quoque</span> <span class='ocrx_word' id='word_1_114' title='bbox 1093 2559 1184 2651; x_wconf 81' lang='lat' dir='ltr'>apud</span> 
     </span>
     <span class='ocr_line' id='line_1_19' title="bbox 250 2678 1186 2767; baseline -0.004 -21"><span class='ocrx_word' id='word_1_115' title='bbox 250 2679 371 2746; x_wconf 88' lang='lat' dir='ltr'>Stoicos</span> <span class='ocrx_word' id='word_1_116' title='bbox 405 2678 658 2766; x_wconf 83' lang='lat' dir='ltr'>significationes.</span> <span class='ocrx_word' id='word_1_117' title='bbox 715 2679 839 2745; x_wconf 82' lang='lat' dir='ltr'>Dicitur</span> <span class='ocrx_word' id='word_1_118' title='bbox 874 2679 1016 2767; x_wconf 89' lang='lat' dir='ltr'>primum</span> <span class='ocrx_word' id='word_1_119' title='bbox 1043 2678 1186 2749; x_wconf 83' lang='lat' dir='ltr'>universo</span> 
     </span>
     <span class='ocr_line' id='line_1_20' title="bbox 250 2792 1185 2881; baseline -0.002 -21"><span class='ocrx_word' id='word_1_120' title='bbox 250 2792 292 2861; x_wconf 87' lang='lat' dir='ltr'>de</span> <span class='ocrx_word' id='word_1_121' title='bbox 326 2794 471 2861; x_wconf 82' lang='lat' dir='ltr'>facultate</span> <span class='ocrx_word' id='word_1_122' title='bbox 506 2793 686 2881; x_wconf 76' lang='lat' dir='ltr'>cogitandi,</span> <span class='ocrx_word' id='word_1_123' title='bbox 729 2808 799 2859; x_wconf 84' lang='lat' dir='ltr'>turn</span> <span class='ocrx_word' id='word_1_124' title='bbox 833 2792 874 2859; x_wconf 88' lang='lat' dir='ltr'>de</span> <span class='ocrx_word' id='word_1_125' title='bbox 899 2795 1019 2865; x_wconf 84' lang='lat' dir='ltr'>actione</span> <span class='ocrx_word' id='word_1_126' title='bbox 1041 2795 1185 2881; x_wconf 83' lang='lat' dir='ltr'>cogitan-</span> 
     </span>
     <span class='ocr_line' id='line_1_21' title="bbox 249 2906 1187 3003; baseline -0.004 -25"><span class='ocrx_word' id='word_1_127' title='bbox 249 2910 305 2996; x_wconf 73' lang='lat' dir='ltr'>di;</span> <span class='ocrx_word' id='word_1_128' title='bbox 330 2909 446 2978; x_wconf 86' lang='lat' dir='ltr'>deinde</span> <span class='ocrx_word' id='word_1_129' title='bbox 465 2910 506 2976; x_wconf 86' lang='lat' dir='ltr'>de</span> <span class='ocrx_word' id='word_1_130' title='bbox 536 2913 662 2978; x_wconf 90' lang='lat' dir='ltr'>notione</span> <span class='ocrx_word' id='word_1_131' title='bbox 685 2927 715 2976; x_wconf 89' lang='lat' dir='ltr'>et</span> <span class='ocrx_word' id='word_1_132' title='bbox 728 2906 797 2975; x_wconf 83' lang='lat' dir='ltr'>idea</span> <span class='ocrx_word' id='word_1_133' title='bbox 810 2934 1026 3003; x_wconf 84' lang='lat' dir='ltr'>quacunque,</span> <span class='ocrx_word' id='word_1_134' title='bbox 1048 2908 1187 3001; x_wconf 77' lang='lat' dir='ltr'>denique</span> 
     </span>
     <span class='ocr_line' id='line_1_22' title="bbox 249 3026 1185 3118; baseline -0.004 -23"><span class='ocrx_word' id='word_1_135' title='bbox 249 3028 291 3095; x_wconf 85' lang='lat' dir='ltr'>de</span> <span class='ocrx_word' id='word_1_136' title='bbox 332 3030 396 3095; x_wconf 84' lang='lat' dir='ltr'>viso</span> <span class='ocrx_word' id='word_1_137' title='bbox 438 3053 492 3094; x_wconf 86' lang='lat' dir='ltr'>seu</span> <span class='ocrx_word' id='word_1_138' title='bbox 529 3026 597 3093; x_wconf 89' lang='lat' dir='ltr'>idea</span> <span class='ocrx_word' id='word_1_139' title='bbox 629 3050 687 3118; x_wconf 83' lang='lat' dir='ltr'>per</span> <span class='ocrx_word' id='word_1_140' title='bbox 718 3051 826 3093; x_wconf 87' lang='lat' dir='ltr'>sensus</span> <span class='ocrx_word' id='word_1_141' title='bbox 856 3044 1015 3118; x_wconf 84' lang='lat' dir='ltr'>accepta,</span> <span class='ocrx_word' id='word_1_142' title='bbox 1058 3026 1185 3092; x_wconf 79' lang='lat' dir='ltr'>tandein</span> 
     </span>
    </p>
   </div>
   <div class='ocr_carea' id='block_1_3' title="bbox 249 3142 1184 3237">
    <p class='ocr_par' dir='ltr' id='par_1_4' title="bbox 249 3142 1184 3237">
     <span class='ocr_line' id='line_1_23' title="bbox 249 3142 1184 3237; baseline -0.003 -26"><span class='ocrx_word' id='word_1_143' title='bbox 249 3144 291 3211; x_wconf 90' lang='lat' dir='ltr'>de</span> <span class='ocrx_word' id='word_1_144' title='bbox 324 3143 400 3210; x_wconf 84' lang='lat' dir='ltr'>ideis</span> <span class='ocrx_word' id='word_1_145' title='bbox 436 3170 495 3234; x_wconf 87' lang='lat' dir='ltr'>per</span> <span class='ocrx_word' id='word_1_146' title='bbox 527 3145 782 3231; x_wconf 71' lang='lat' dir='ltr'>imaginationem</span> <span class='ocrx_word' id='word_1_147' title='bbox 814 3142 1044 3227; x_wconf 82' lang='lat' dir='ltr'>conformatis,</span> <span class='ocrx_word' id='word_1_148' title='bbox 1085 3142 1184 3237; x_wconf 84' lang='lat' dir='ltr'>qualia</span> 
     </span>
    </p>
   </div>
   <div class='ocr_carea' id='block_1_4' title="bbox 244 3330 372 3352">
    <p class='ocr_par' dir='ltr' id='par_1_5' title="bbox 244 3330 372 3352">
     <span class='ocr_line' id='line_1_24' title="bbox 244 3330 372 3352; baseline 0 -5"><span class='ocrx_word' id='word_1_149' title='bbox 244 3330 372 3352; x_wconf 50' lang='grc' dir='ltr'>μ*</span> 
     </span>
    </p>
   </div>
   <div class='ocr_carea' id='block_1_5' title="bbox 179 3446 1182 3737">
    <p class='ocr_par' dir='ltr' id='par_1_6' title="bbox 179 3446 1182 3737">
     <span class='ocr_line' id='line_1_25' title="bbox 283 3446 1180 3519; baseline 0.003 -18"><span class='ocrx_word' id='word_1_150' title='bbox 283 3448 312 3514; x_wconf 82' lang='lat'>(¹)</span> <span class='ocrx_word' id='word_1_151' title='bbox 330 3453 369 3502; x_wconf 87' lang='lat' dir='ltr'>De</span> <span class='ocrx_word' id='word_1_152' title='bbox 392 3448 450 3503; x_wconf 80' lang='lat' dir='ltr'>Fin.</span> <span class='ocrx_word' id='word_1_153' title='bbox 476 3452 520 3510; x_wconf 81' lang='grc' dir='ltr'>ΙΙΙ,</span> <span class='ocrx_word' id='word_1_154' title='bbox 543 3449 586 3502; x_wconf 82' lang='lat' dir='ltr'>m.</span> <span class='ocrx_word' id='word_1_155' title='bbox 624 3448 651 3513; x_wconf 77' lang='lat'>(²)</span> <span class='ocrx_word' id='word_1_156' title='bbox 671 3446 928 3514; x_wconf 68' lang='lat' dir='ltr'>tiedamannus,</span> <span class='ocrx_word' id='word_1_157' title='bbox 947 3447 1029 3503; x_wconf 86' lang='lat' dir='ltr'>Gaist.</span> <span class='ocrx_word' id='word_1_158' title='bbox 1048 3448 1094 3501; x_wconf 86' lang='lat' dir='ltr'>der</span> <span class='ocrx_word' id='word_1_159' title='bbox 1110 3465 1180 3519; x_wconf 84' lang='lat' dir='ltr'>spec.</span> 
     </span>
     <span class='ocr_line' id='line_1_26' title="bbox 245 3552 1181 3626; baseline 0.001 -18"><span class='ocrx_word' id='word_1_160' title='bbox 245 3556 333 3621; x_wconf 62' lang='lat' dir='ltr'>Phil„</span> <span class='ocrx_word' id='word_1_161' title='bbox 361 3556 411 3609; x_wconf 86' lang='lat' dir='ltr'>Th.</span> <span class='ocrx_word' id='word_1_162' title='bbox 439 3559 471 3621; x_wconf 86' lang='lat'>11,</span> <span class='ocrx_word' id='word_1_163' title='bbox 500 3558 526 3609; x_wconf 88' lang='lat' dir='ltr'>S.</span> <span class='ocrx_word' id='word_1_164' title='bbox 551 3556 612 3619; x_wconf 70' lang='grc'>497,</span> <span class='ocrx_word' id='word_1_165' title='bbox 639 3556 700 3619; x_wconf 75' lang='grc'>498,</span> <span class='ocrx_word' id='word_1_166' title='bbox 731 3553 820 3608; x_wconf 88' lang='lat' dir='ltr'>minus</span> <span class='ocrx_word' id='word_1_167' title='bbox 837 3564 955 3610; x_wconf 85' lang='lat' dir='ltr'>accurata</span> <span class='ocrx_word' id='word_1_168' title='bbox 971 3552 1019 3610; x_wconf 78' lang='grc' dir='ltr'>τὴν</span> <span class='ocrx_word' id='word_1_169' title='bbox 1038 3556 1181 3626; x_wconf 67' lang='grc' dir='ltr'><em>φαντασίαν</em></span> 
     </span>
     <span class='ocr_line' id='line_1_27' title="bbox 179 3657 1182 3737; baseline -0.002 -18"><span class='ocrx_word' id='word_1_170' title='bbox 179 3668 183 3675; x_wconf 85' lang='grc'><strong>’</strong></span> <span class='ocrx_word' id='word_1_171' title='bbox 245 3664 368 3734; x_wconf 82' lang='lat' dir='ltr'>exprimit</span> <span class='ocrx_word' id='word_1_172' title='bbox 399 3679 461 3719; x_wconf 78' lang='lat' dir='ltr'>tote</span> <span class='ocrx_word' id='word_1_173' title='bbox 497 3666 672 3733; x_wconf 70' lang='lat' dir='ltr'>Vmstellunq.</span> <span class='ocrx_word' id='word_1_174' title='bbox 697 3657 730 3712; x_wconf 78' lang='grc' dir='ltr'>Αἱ</span> <span class='ocrx_word' id='word_1_175' title='bbox 762 3663 904 3735; x_wconf 69' lang='grc' dir='ltr'><em>φαντασίαι</em></span> <span class='ocrx_word' id='word_1_176' title='bbox 931 3674 958 3719; x_wconf 87' lang='lat' dir='ltr'>ot</span> <span class='ocrx_word' id='word_1_177' title='bbox 982 3657 1016 3717; x_wconf 78' lang='grc' dir='ltr'>τὰ</span> <span class='ocrx_word' id='word_1_178' title='bbox 1042 3661 1182 3737; x_wconf 76' lang='grc' dir='ltr'><em>φαινόμενα</em></span> 
     </span>
    </p>
   </div>
   <div class='ocr_carea' id='block_1_6' title="bbox 170 3760 1181 3831">
    <p class='ocr_par' dir='ltr' id='par_1_7' title="bbox 170 3760 1181 3831">
     <span class='ocr_line' id='line_1_28' title="bbox 170 3760 1181 3831; baseline -0.002 -16"><span class='ocrx_word' id='word_1_179' title='bbox 170 3810 173 3823; x_wconf 92' lang='grc'>,</span> <span class='ocrx_word' id='word_1_180' title='bbox 245 3761 284 3815; x_wconf 81' lang='lat' dir='ltr'>aio</span> <span class='ocrx_word' id='word_1_181' title='bbox 313 3760 530 3828; x_wconf 78' lang='lat' dir='ltr'>distinguuntur,</span> <span class='ocrx_word' id='word_1_182' title='bbox 561 3769 591 3813; x_wconf 88' lang='lat' dir='ltr'>ut</span> <span class='ocrx_word' id='word_1_183' title='bbox 616 3760 675 3815; x_wconf 82' lang='lat' dir='ltr'>illae</span> <span class='ocrx_word' id='word_1_184' title='bbox 699 3761 753 3815; x_wconf 88' lang='lat' dir='ltr'>sint</span> <span class='ocrx_word' id='word_1_185' title='bbox 777 3778 858 3817; x_wconf 77' lang='lat' dir='ltr'>vanae</span> <span class='ocrx_word' id='word_1_186' title='bbox 880 3761 994 3831; x_wconf 84' lang='lat' dir='ltr'>species,</span> <span class='ocrx_word' id='word_1_187' title='bbox 1019 3762 1059 3816; x_wconf 84' lang='lat' dir='ltr'>vel</span> <span class='ocrx_word' id='word_1_188' title='bbox 1085 3761 1181 3829; x_wconf 79' lang='lat' dir='ltr'>imagi-</span> 
     </span>
    </p>
   </div>
   <div class='ocr_carea' id='block_1_7' title="bbox 243 3857 1180 4109">
    <p class='ocr_par' dir='ltr' id='par_1_8' title="bbox 243 3857 1180 4109">
     <span class='ocr_line' id='line_1_29' title="bbox 245 3857 1180 3927; baseline -0.002 -16"><span class='ocrx_word' id='word_1_189' title='bbox 245 3868 311 3923; x_wconf 75' lang='lat' dir='ltr'>nat,</span> <span class='ocrx_word' id='word_1_190' title='bbox 336 3857 410 3923; x_wconf 87' lang='lat' dir='ltr'>visa,</span> <span class='ocrx_word' id='word_1_191' title='bbox 439 3873 508 3925; x_wconf 81' lang='lat' dir='ltr'>quae</span> <span class='ocrx_word' id='word_1_192' title='bbox 533 3857 605 3910; x_wconf 87' lang='lat' dir='ltr'>nullo</span> <span class='ocrx_word' id='word_1_193' title='bbox 622 3859 700 3911; x_wconf 90' lang='lat' dir='ltr'>modo</span> <span class='ocrx_word' id='word_1_194' title='bbox 725 3858 752 3911; x_wconf 89' lang='lat' dir='ltr'>id</span> <span class='ocrx_word' id='word_1_195' title='bbox 779 3867 862 3923; x_wconf 87' lang='lat' dir='ltr'>sunt,</span> <span class='ocrx_word' id='word_1_196' title='bbox 892 3859 962 3927; x_wconf 87' lang='lat' dir='ltr'>quod</span> <span class='ocrx_word' id='word_1_197' title='bbox 989 3875 1047 3912; x_wconf 86' lang='lat' dir='ltr'>osse</span> <span class='ocrx_word' id='word_1_198' title='bbox 1072 3860 1180 3912; x_wconf 80' lang='lat' dir='ltr'>ridean-</span> 
     </span>
     <span class='ocr_line' id='line_1_30' title="bbox 243 3953 1178 4027; baseline 0 -19"><span class='ocrx_word' id='word_1_199' title='bbox 243 3963 309 4020; x_wconf 79' lang='lat' dir='ltr'>tur3</span> <span class='ocrx_word' id='word_1_200' title='bbox 336 3956 399 4011; x_wconf 83' lang='lat' dir='ltr'>haec</span> <span class='ocrx_word' id='word_1_201' title='bbox 423 3969 482 4010; x_wconf 79' lang='lat' dir='ltr'>vero</span> <span class='ocrx_word' id='word_1_202' title='bbox 508 3953 625 4023; x_wconf 79' lang='lat' dir='ltr'>veriora,</span> <span class='ocrx_word' id='word_1_203' title='bbox 652 3972 789 4026; x_wconf 83' lang='lat' dir='ltr'>quaeque,</span> <span class='ocrx_word' id='word_1_204' title='bbox 818 3957 890 4027; x_wconf 89' lang='lat' dir='ltr'>quod</span> <span class='ocrx_word' id='word_1_205' title='bbox 914 3954 1065 4022; x_wconf 79' lang='lat' dir='ltr'>videantur,</span> <span class='ocrx_word' id='word_1_206' title='bbox 1092 3968 1178 4009; x_wconf 82' lang='lat' dir='ltr'>revera</span> 
     </span>
     <span class='ocr_line' id='line_1_31' title="bbox 244 4050 816 4109; baseline -0.002 -4"><span class='ocrx_word' id='word_1_207' title='bbox 244 4050 307 4109; x_wconf 78' lang='lat' dir='ltr'>sint.</span> <span class='ocrx_word' id='word_1_208' title='bbox 812 4062 816 4071; x_wconf 90' lang='lat'>·</span> 
     </span>
    </p>
   </div>
   <div class='ocr_carea' id='block_1_8' title="bbox 0 0 1404 4836">
    <p class='ocr_par' dir='ltr' id='par_1_9' title="bbox 0 0 1404 4836">
     <span class='ocr_line' id='line_1_32' title="bbox 0 0 1404 4836; baseline 0 2"><span class='ocrx_word' id='word_1_209' title='bbox 0 0 1404 4836; x_wconf 95' lang='lat' dir='ltr'> </span> 
     </span>
    </p>
   </div>
  </div>
 </body>
</html>
