2712 4842
670 366 740 453 aro

230 590 324 635 neca
345 566 410 657 (¹),
446 570 594 653 „certius
624 568 784 663 exemplar
813 567 964 655 sapientis
990 566 1048 632 riu‘
1073 568 1165 633 nobis

231 681 304 751 deos
326 685 513 753 immortales
531 683 675 769 dedisse,
702 709 800 774 quam
825 684 990 753 Ulixem
1012 699 1045 750 et
1068 685 1170 750 Her-

233 799 363 868 culem
385 803 544 892 prioribus
562 801 681 870 seculis.
694 838 740 854 -··
760 802 874 894 Neque
888 801 973 867 euim
986 802 1088 868 Cato
1099 818 1171 890 post

233 915 410 984 libertatern
441 918 548 1003 vixit,
590 942 650 986 nec
678 917 804 985 libertas
831 934 904 1013 post
939 903 1168 987 Catonem''.

233 1033 306 1122 Ipsa
338 1035 502 1101 Catonis
535 1035 597 1100 vita
631 1033 674 1124 (²)
709 1034 889 1125 exemplum
924 1036 1016 1101 nobis
1037 1035 1170 1123 praebet

235 1173 302 1240 quo
332 1151 400 1237 ejus
430 1152 584 1217 sententia
613 1147 655 1218 de
689 1167 789 1219 morte
827 1147 1030 1233 voluntaria,
1074 1177 1172 1241 quam

229 1265 531 1357 'Chrysippeam
553 1268 646 1333 fuisse
662 1269 817 1353 novimus,
844 1267 1170 1337 marimeillustratur.

235 1385 314 1451 Erat
332 1382 550 1474 Statyllius
573 1381 728 1473 quidam,
750 1385 799 1450 vir
820 1385 856 1450 in
877 1384 1084 1461 floreaetatis.
1110 1386 1169 1476 qui

234 1498 325 1566 fortis
357 1522 420 1566 esse
450 1516 483 1565 et
515 1501 681 1569 Catonis
715 1499 888 1567 infractum
914 1500 1056 1567 animum
1080 1504 1169 1591 sequi

235 1616 423 1696 affectabat,
465 1616 554 1684 huno
583 1634 619 1685 ut
649 1618 849 1704 obnavigaret
881 1619 1010 1699 oravit,
1047 1618 1170 1705 ubique

231 1735 323 1801 enim
355 1749 467 1801 uotum
498 1750 564 1800 erat
584 1737 652 1821 ejus
676 1733 787 1803 odium
803 1735 838 1799 in
858 1734 1073 1812 Caesareum
1114 1735 1171 1799 ubi

237 1874 312 1917 vcro
333 1851 505 1932 recusavit,
541 1823 791 1940 lpollonium
814 1849 956 1917 Stoicum
979 1867 1011 1914 et
1035 1851 1169 1915 Deme-

239 1967 361 2032 trium
389 1967 635 2057 Peripateticum
662 1967 795 2032 intuitus
815 1967 925 2033 Catoz
960 1967 1065 2034 Vestri
1092 1991 1170 2031 mu·

236 2083 323 2150 meris
341 2098 409 2165 est,
441 2083 570 2174 inquit,
604 2098 778 2148 tumentem
799 2081 920 2163 mollire
946 2098 1044 2172 atque
1062 2080 1171 2146 addu·
1259 2146 1262 2153 ,

238 2223 311 2266 cere
339 2197 380 2265 ad
414 2197 449 2263 id
478 2197 566 2288 quod
597 2223 635 2265 ex
668 2201 736 2286 ejus
753 2214 901 2281 usuest3
926 2199 1050 2287 eoipso
1070 2199 1172 2284 signi-

239 2315 362 2399 ficans,
400 2330 532 2381 mortem
567 2338 632 2380 nou
659 2338 720 2405 pro
757 2314 849 2381 libitu
872 2338 934 2381 esse
959 2311 1174 2405 oppetendam

239 2453 397 2522 suumque
427 2431 608 2523 exemplum
630 2432 720 2522 sequi
743 2431 858 2517 vulgari
880 2430 1022 2514 homini,
1055 2431 1175 2498 Stoicae

239 2546 461 2640 philosophiae
492 2549 670 2641 praeceptis
705 2548 835 2613 minime
856 2548 979 2613 imbuto
998 2595 1011 2635 ,ἱ
1047 2571 1174 2636 nequa-

242 2689 339 2755 quam
361 2663 467 2731 licere.

285 2778 413 2869 Quodsi
433 2796 613 2869 temporum
634 2778 848 2847 conditionem
862 2779 1072 2863 attendamus,
1096 2778 1176 2848 hacc

241 2921 312 2989 quo
347 2897 523 2984 angustiora
554 2913 654 2980 suut,
684 2899 861 2984 eo'majorc
879 2895 973 2962 laude
995 2895 1109 2983 dignus
1130 2913 1177 2964 est

242 3015 304 3104 qui
343 3013 398 3080 has
431 3010 629 3080 difficultates
659 3031 787 3105 superat
820 3029 852 3079 et
884 3011 925 3079 ad
961 3012 1060 3078 linem
1095 3015 1178 3080 vitae

240 3129 441 3220 aequabilem
471 3145 557 3194 tenet
575 3155 712 3197 cursum.
759 3132 920 3221 Tempora
941 3131 1060 3221 quibus
1082 3131 1178 3196 Cato

244 3246 322 3311 vixit
346 3242 412 3310 talia
435 3245 569 3310 fuerunt
595 3262 631 3311 ut
655 3271 721 3311 nou
742 3245 812 3311 fieri
832 3248 983 3339 potuisset
1005 3249 1087 3337 quin
1113 3249 1176 3329 vir,

241 3380 312 3428 tam
336 3363 504 3454 praestanti
525 3359 631 3428 indole
655 3361 833 3451 praeditus,
855 3387 963 3430 omues
984 3389 1052 3430 suas
1064 3366 1181 3450 ingenii

245 3481 423 3570 mentisque
446 3476 532 3545 dotes
556 3480 735 3545 exseruisset
755 3495 790 3545 et
810 3479 1019 3546 immortalem
1050 3480 1179 3568 gloriam

238 3612 432 3665 consecutus
464 3610 553 3663 esset.
598 3595 638 3661 Iu
658 3591 758 3662 dubio
776 3594 830 3664 illo
851 3598 1025 3665 certamine
1045 3595 1179 3663 liberta·

233 3782 376 3800 m·-

282 3872 310 3937 (¹)
330 3876 366 3923 1³0
392 3873 480 3923 C⁰¹¹Sl·
511 3874 571 3938 5³1³·
601 3886 624 3925 θ.
643 3872 669 3925 2·
688 3870 736 3925 Cff.
753 3876 802 3939 Ep.
824 3876 858 3929 ca
881 3874 931 3928 sub
951 3862 1031 3928 linem
1051 3881 1079 3926 et
1102 3888 1180 3942 supra

244 3984 276 4039 ll.
303 3967 354 4019 ros
372 3974 396 4019 rt
415 3968 475 4019 228.
514 3969 540 4030 (²3
569 3967 653 4019 Plnt.
674 3983 700 4032 p.
720 3969 769 4020 7⁰1
789 3974 816 4024 E.
