2798 4836
622 433 754 508 .42

254 611 301 682 vel
324 614 497 705 unicnique
515 615 637 684 homini
659 631 713 682 ant
734 617 889 683 animanti
910 617 1115 705 contingant,
1144 643 1197 686 te-

254 731 340 795 mina
360 733 448 820 quasi
470 733 505 798 in
525 754 635 799 eornm
657 733 776 820 origine
799 750 832 799 et
850 735 956 822 primo
976 750 1058 800 statu
1078 733 1198 800 fuerint

253 851 397 938 inclusa3
423 853 512 945 quod
531 856 644 922 Latine
668 854 786 923 dicitnr
801 856 923 934 fatum,
948 857 1069 923 Graece
1087 859 1198 948 εἱμαρ-

256 978 340 1064 μένη,
363 977 422 1063 rel,
446 979 622 1048 secundum
635 978 800 1072 quosdam,
811 978 866 1046 sed
877 966 1110 1072 perperamah
1122 981 1200 1072 εἴρω,

252 1111 366 1177 necto,
390 1098 464 1187 quia
488 1114 536 1163 est
558 1099 647 1187 quasi
667 1098 825 1167 connexio
848 1121 1040 1178 cannarum,
1064 1099 1110 1164 rel
1133 1125 1198 1191 po-

251 1225 311 1289 tius
341 1248 359 1288 a
380 1222 483 1311 perpe,
507 1218 628 1304 divido,
652 1222 784 1311 partior,
807 1218 945 1287 undeet
969 1222 1058 1311 μοῖρα
1079 1221 1197 1289 dicitur

251 1338 376 1421 fatum,
409 1355 443 1402 et
473 1337 640 1425 cujuslibet
662 1335 814 1403 destinata
836 1354 867 1402 et
891 1340 1059 1403 constituta
1082 1340 1195 1429 portic.

253 1457 323 1522 Hoc
345 1453 497 1547 placitum
521 1453 703 1520 Stoicorum·
722 1452 901 1542 explodunt
936 1452 1061 1521 Velle
1066 1457 1080 1541 j
1093 1478 1140 1520 us
1162 1472 1194 1521 et

254 1572 385 1638 Cotta
406 1567 492 1659 apud
515 1571 771 1637 Ciceronem
796 1565 850 1658 (¹).
892 1567 1044 1637 Definitio
1066 1570 1194 1639 Stoico·

252 1713 327 1754 rum
347 1704 393 1771 est
416 1684 504 1778 apud
526 1688 735 1772 Diogenem
750 1686 947 1751 Laenium
961 1683 1018 1772 (²),
1041 1685 1193 1753 Plutar-

254 1804 370 1872 chum
406 1800 465 1891 (³),
500 1819 554 1885 et,
587 1802 685 1890 ipsius
717 1801 932 1892 Chrysippi
963 1802 1068 1868 verbis
1090 1826 1128 1868 ex
1149 1803 1222 1868 li-⁸

251 1922 314 1986 hro
346 1933 461 2009 quarto
489 1914 531 1983 de
567 1913 790 1998 Providentia,
820 1915 907 2007 apud
935 1916 1106 1985 Gellium
1127 1916 1191 2007 (‘):

232 2036 401 2120 1„Fatum
435 2049 480 2098 est
515 2032 704 2122 sempiterna
734 2029 889 2121 quaedam
911 2049 944 2098 et
963 2032 1191 2101 indeclinabilis

254 2153 345 2218 series
378 2174 486 2216 rerum
515 2165 548 2214 et
581 2164 710 2229 catena,
741 2147 869 2216 volvens
888 2151 1052 2242 semetipsa
1076 2174 1138 2217 sese
1160 2168 1192 2217 et

251 2267 417 2358 implicans
450 2289 509 2355 per
539 2281 679 2331 aeternos
709 2265 950 2354 consequentiae
973 2263 1122 2350 ordines,
1149 2291 1189 2332 ex

253 2385 372 2475 quibus
393 2397 466 2474 apta
492 2403 700 2469 connexaque
721 2381 802 2446 est.”
847 2380 1025 2448 Stoicorum
1046 2382 1189 2450 hocloco

253 2497 359 2566 similis
391 2513 457 2563 erat
479 2497 632 2562 sententia
657 2512 690 2561 et
713 2496 793 2563 ratio
812 2522 850 2564 ac
871 2498 1184 2581 Leihnitzianornm3

252 2641 328 2683 nam
360 2616 489 2705 utrique
516 2638 624 2680 rerum
642 2610 820 2678 futurarum
841 2610 1024 2681 firmitatem
1045 2639 1084 2681 ex
1105 2640 1187 2683 con·

252 2733 387 2799 nexione
421 2753 614 2797 caussarum,
627 2730 831 2819 repetebant,
855 2730 974 2820 quihus
997 2733 1108 2798 caussis
1134 2748 1187 2798 to·

253 2867 304 2916 tus
342 2843 481 2912 mundus
517 2843 613 2911 veluti
644 2841 790 2910 machine
826 2846 1051 2914 contineretur.
1118 2848 1187 2913 Ita·

255 2988 320 3058 que
361 2962 620 3053 Chrysippus,
656 2984 852 3051 quamquam
885 2962 986 3029 fatum
1015 2965 1187 3043 tuebatur,

254 3101 360 3150 tamen
392 3080 607 3146 necessitatem
630 3076 838 3167 repudiabat,
859 3096 893 3144 et
913 3079 1064 3147 voluntati
1085 3077 1186 3145 liber-

254 3215 351 3266 tatern
385 3192 576 3262 vindicabat.
623 3194 667 3259 Et
696 3194 837 3286 primum
872 3193 1003 3281 quidem
1037 3194 1126 3283 quod
1148 3192 1188 3260 ad
1266 3270 1269 3281 λ

256 3307 469 3404 repellendam
501 3310 716 3391 necessitatem
744 3309 886 3390 valebat,
916 3311 1089 3377 affirmabat
1108 3310 1190 3377 nihil

256 3427 388 3524 quidem
417 3425 488 3491 fieri
521 3427 588 3491 sine
609 3449 733 3512 causaa3
764 3424 819 3493 sed
839 3442 943 3493 tamen
965 3450 1101 3494 caussam
1122 3451 1190 3494 non

256 3548 374 3615 habere
401 3543 466 3610 vim
484 3544 630 3623 tantm,
666 3560 703 3610 ut
720 3542 849 3611 effectus
868 3544 961 3610 etiam
981 3543 1058 3611 inde
1078 3567 1189 3611 neces-

198 3698 201 3703 *
259 3665 337 3733 sario
372 3660 524 3751 consequi
560 3657 693 3726 debeat:
730 3660 801 3726 alias
825 3683 888 3726 esse
911 3685 1028 3728 causam
1047 3684 1190 3729 necessa-

248 3821 377 3844 ...n-

291 3911 514 3979 (llum-1,
542 3906 586 3970 ²⁰2
609 3904 665 3970 111,'
680 3907 707 3960 θ’
745 3907 773 3972 (²)
793 3910 846 3970 Vll,
872 3910 891 3976 δ
915 3910 976 3964 tto.
1012 3909 1189 3977 (³)Dc1’lae.

253 4010 321 4066 Phil.
340 4014 361 4075 l,
380 4009 423 4073 28,
442 4021 469 4073 p.
488 4004 585 4058 88513.
623 4000 651 4067 (⁸)
670 4005 701 4055 N.
718 4004 750 4056 Α.
769 4005 812 4067 Vl,
831 4005 857 4057 2.
927 4012 932 4031 ¹
