2756 4830
673 415 741 482 318
830 462 832 469 -

249 595 392 677 cionem,
429 595 477 665 vel
505 595 582 665 inde
612 600 768 687 conjicere
801 597 899 681 lieet,
936 596 1048 689 quod,
1085 610 1188 690 quum

247 714 450 799 nonagesimo
471 738 557 782 nono
578 717 683 783 aetatis
705 739 789 781 anno
808 713 894 782 diem
911 739 1095 806 supremum
1108 719 1183 783 ohi-

248 847 318 913 ret,
340 831 388 898 vel
405 832 450 897 sic
471 847 576 899 tamen
597 834 732 899 moriens
753 849 939 921 quereretur
952 849 1098 898 naturam
1112 857 1186 899 eer-

249 950 295 1014 vis
317 965 350 1014 et
371 948 549 1015 cornicibus
576 949 671 1015 vitam
690 947 895 1031 diuturnam,
919 948 1103 1016 hominihus
1123 966 1188 1016 tam

249 1067 390 1152 exiguam
428 1063 550 1131 dedisse
583 1063 648 1151 (Ἲς
695 1064 839 1131 homines
884 1065 971 1131 enim
1003 1081 1073 1132 tum
1105 1066 1188 1133 mori

249 1206 352 1272 quum
374 1183 475 1249 virere
493 1181 649 1269 incipiant
671 1179 724 1268 (²).

294 1300 452 1390 Expositis
491 1299 653 1364 sententiis
686 1295 728 1365 de
757 1313 856 1365 morte
883 1299 1054 1367 voluntaria
1075 1321 1184 1365 aarum

254 1414 474 1507 philosophiae
510 1431 664 1483 sectarum
706 1439 787 1504 quae
828 1415 862 1480 in
902 1412 1046 1482 doctrina
1082 1415 1193 1482 morali
1264 1458 1267 1475 .

252 1530 293 1597 ad
315 1531 495 1600 Stoicorum
516 1528 556 1596 de
577 1555 701 1597 summo
721 1534 806 1598 hono
826 1532 1026 1623 principium
1045 1533 1190 1620 proxime

252 1664 468 1729 accerserunt,
501 1645 614 1713 adeas
648 1665 839 1714 transeamus
862 1674 964 1737 quae,
991 1648 1193 1739 voluptatem

252 1789 411 1831 summum
442 1766 564 1831 honum
595 1764 770 1847 habentes,
806 1789 844 1830 ex
869 1767 940 1853 ipso
964 1766 1027 1833 hoo
1057 1767 1188 1856 princi·

253 1883 309 1974 pio
329 1906 419 1947 suam
446 1879 487 1946 de
510 1898 610 1947 morte
632 1881 804 1959 voluntaria
821 1884 1009 1949 sententiam
1031 1884 1190 1950 informa-

255 2014 354 2082 runt,
382 1998 590 2087 Cyrenaicum
616 1996 689 2065 dico
712 2016 745 2064 et
772 1999 1000 2091 Epicuream„

637 2297 818 2354 cruentior.

304 2550 415 2638 Quum
446 2546 717 2639 Aristippus
743 2564 897 2630 mortem,
921 2547 1009 2640 quod
1035 2552 1115 2617 vitae
1140 2576 1196 2618 rc-

264 2689 335 2733 tera
358 2664 440 2730 nulla
466 2681 544 2729 esset
566 2665 715 2748 felicitas,
741 2663 917 2751 eligendam
945 2666 1012 2755 (³),
1035 2669 1198 2757 insipienti

263 2781 395 2874 quidem
419 2781 567 2870 expedire
590 2783 712 2866 vivere,
736 2783 883 2874 sapientis
904 2807 977 2849 vero
990 2785 1071 2851 nihil
1089 2788 1196 2851 iuter-

258 2998 387 3013 m

300 3114 327 3181 (1)
347 3113 410 3168 Cic.
434 3119 511 3167 Tusc.
531 3117 575 3176 ΙΙΙ,
595 3116 638 3167 28.
677 3118 731 3164 Hoc
750 3113 851 3164 dietum
870 3130 1007 3182 perperam
1027 3130 1041 3165 a
1061 3117 1198 3179 Seneca,

264 3210 297 3262 ue
325 3216 399 3264 Brev.
427 3209 479 3264 Vit.
499 3226 521 3263 c.
541 3214 566 3273 1,
586 3207 768 3261 Aristoteli
796 3207 925 3261 tributum
944 3226 1001 3262 esse
1018 3210 1074 3276 jam
1095 3208 1200 3261 monuit

264 3304 406 3375 Lipsius
433 3306 466 3357 ad
494 3310 565 3359 Sen.
591 3306 610 3359 l.
630 3308 648 3358 l.
686 3306 714 3371 (Ι)
734 3310 765 3358 Ι).
792 3310 821 3359 L.
847 3310 878 3369 V,
907 3308 986 3373 §tt
1007 3306 1046 3360 (ΙΙ.
1065 3312 1146 3360 Men.
1166 3307 1200 3359 ad

244 3403 291 3457 h,
311 3405 329 3457 l.
367 3403 394 3471 (Ι)
414 3409 445 3457 D.
463 3408 493 3457 L.
512 3407 544 3465 ΙΙ,
564 3405 583 3469 9
601 3403 644 3456 et.
680 3406 719 3453 lta
737 3401 807 3469 hunc
824 3401 910 3454 locum
930 3402 1015 3470 recepi
1034 3419 1064 3455 ex
1082 3406 1201 3457 Caseu-

264 3498 345 3552 honi
375 3497 574 3560 emendatione3
605 3497 636 3548 de
654 3498 933 3563 quaBruekerus,
961 3497 1030 3552 Hist.
1050 3498 1112 3551 Crit.
1131 3498 1198 3552 Phil.

266 3601 381 3660 Tomnl,
400 3600 428 3650 P.
447 3601 480 3660 ΙΙ,
498 3601 528 3650 L.
548 3599 579 3659 ΙΙ,
599 3610 622 3649 c.
642 3599 685 3658 111,
705 3596 723 3658 §
742 3596 768 3659 9,
795 3610 822 3661 p.
849 3595 900 3667 600
919 3611 978 3662 sq„
998 3595 1091 3647 merito
1110 3602 1200 3647 monet

262 3710 321 3747 eam
340 3709 393 3744 non
411 3691 459 3744 soli
478 3690 584 3758 ingenio
603 3706 660 3743 esse
679 3690 861 3756 tribuendam,
875 3692 922 3744 sed
934 3691 1020 3761 ipsum
1032 3686 1199 3759 Hegesiae

262 3789 409 3843 doctrinam
436 3804 482 3855 pro
509 3787 681 3855 fundamepto
708 3788 812 3841 hahere.
850 3790 933 3840 Antea
951 3791 1026 3843 locus
1044 3789 1081 3841 ita
1099 3788 1200 3841 consti·

263 3895 338 3939 tutus
365 3892 440 3949 erat,
471 3882 547 3951 quasi
574 3882 780 3953 Aristippus
807 3884 887 3941 vitam
915 3901 997 3955 acque
1027 3898 1056 3939 ac
1085 3892 1197 3939 mortem

263 3983 412 4051 eligendam
430 3995 487 4034 esse
506 3978 633 4034 duxisset.
