2756 4830
702 428 768 497 296

280 622 388 698 Εὔηνος
415 621 537 695 ἐθελήσει
563 621 777 707 ἀποθνήσκειν,
803 625 849 684 ἵνα
875 619 916 708 μὴ
940 613 1013 707 δόξρ
1045 613 1099 682 διά
1125 621 1205 684 τοῦτο

280 757 449 838 παρεργνᾴν
473 750 544 837 ἡμῖν
568 749 615 814 τὸν
639 746 765 813 ἑκούσιον
790 745 910 811 θάνατον
932 742 996 833 (¹),
1033 740 1120 833 ρησέν
1146 746 1205 827 ὅτι,

280 872 312 938 οὐ
351 876 445 961 μέντοι
488 873 554 948 ἴσως
579 872 715 958 βιάσεται
740 870 848 937 ἑαυτόν.
875 867 924 934 καὶ
950 868 1009 957 γάρ
1036 868 1151 932 άνόσιον
1175 864 1207 930 τό

279 995 432 1088 ἐξαγαγεῖν
461 998 568 1065 ἑαυτόν·
596 997 645 1064 καὶ
671 1002 751 1063 τοῦτο
776 998 796 1067 ἡ
821 993 875 1083 μὲν
898 990 974 1071 λέξις
999 989 1126 1057 δείκννσι
1152 987 1207 1054 διά

281 1119 336 1188 δύο
350 1123 584 1214 ἐπιχειρημάτων
600 1122 652 1213 (²).
674 1124 775 1189 Porro
796 1142 897 1209 quum
918 1118 1100 1186 Socrates
1125 1113 1206 1207 phi·

279 1236 470 1330 losophum,
492 1238 565 1305 lieet
592 1261 702 1304 manus
722 1238 781 1302 sibi
802 1234 917 1302 inferre
938 1251 1080 1316 recuset,
1102 1249 1206 1299 tamen

280 1371 390 1443 optare
410 1357 594 1423 morientem
612 1353 702 1443 sequi
722 1368 859 1420 censeret
880 1351 945 1439 (³),
977 1352 1101 1418 Cebes
1124 1370 1204 1416 eon-

272 1536 408 1556 ῃ

319 1669 348 1735 (¹)
366 1675 396 1723 In
414 1675 464 1725 Με.
480 1672 579 1740 legitur
597 1673 633 1740 τῷ
660 1666 768 1738 ἑκουσίῳ
797 1666 911 1736 θανάτῳ.
954 1665 981 1731 (¹²)
1004 1662 1150 1727 Quominus
1164 1676 1210 1714 er-

281 1763 438 1833 positionem
457 1767 595 1836 utriusque
615 1767 710 1819 horum
727 1772 958 1834 argumentorum,
977 1774 1088 1827 quorum
1098 1759 1207 1810 alterum

281 1870 541 1940 Olympiodorns
559 1885 710 1939 perperam,
730 1880 760 1921 ut
772 1869 885 1934 videtur,
903 1861 1007 1939 μυθικὸν
1027 1862 1072 1917 καὶ
1091 1855 1208 1937 Ὀρρικὸν

281 1985 368 2041 vocat,
398 1979 509 2030 alterum
542 1972 703 2045 διαλεκτικὸν
741 1973 785 2026 καὶ
808 1971 964 2047 φιλόσοφον,
991 1991 1022 2027 ex
1045 1972 1136 2025 eodem
1151 1977 1208 2025 Ma-

281 2072 417 2141 nusoripto
437 2074 650 2142 subjungamus,
671 2073 735 2127 feeit
752 2078 851 2141 Wytt.
881 2072 909 2123 in
933 2076 1041 2124 Annott.
1069 2071 1103 2122 ad
1126 2071 1208 2122 Plat.

282 2170 399 2224 Phaed.
431 2187 458 2238 p.
489 2173 540 2222 13t
571 2186 646 2237 sqq„
678 2169 724 2236 qui
738 2166 1010 2237 olympiodorum
1028 2167 1058 2218 r'n
1078 2182 1108 2220 eo
1125 2180 1210 2218 errare

282 2266 373 2330 docet,
401 2265 489 2333 quod,
518 2265 606 2319 omnia
633 2266 688 2318 fere
712 2265 745 2318 ah
768 2266 884 2317 humana
909 2264 1008 2317 ratione
1034 2263 1067 2316 ad
1094 2260 1209 2315 divinem

282 2368 436 2437 religionem
475 2370 605 2433 referens,
653 2375 825 2425 Socratem
859 2373 945 2427 verbis
976 2367 1001 2422 ἐν
1034 2365 1209 2442 ἀπορρήτοις,

283 2481 349 2535 quae
370 2467 402 2519 de
419 2463 541 2519 interiore
555 2467 597 2520 vel
618 2466 742 2520 esoteriea
766 2468 893 2534 doctrina,
919 2469 973 2523 sive
992 2470 1210 2536 Pythagoreorum

283 2563 338 2617 sive
365 2561 532 2626 Socratis,
563 2562 713 2631 accipienda
742 2563 819 2627 sint,
849 2567 952 2618 fabulas
981 2564 1144 2629 Bacchicam,
1183 2564 1210 2616 in

282 2657 395 2727 Orphica
416 2657 532 2710 doctrina
559 2660 717 2724 celebratas,
749 2660 912 2727 significasse
932 2660 1102 2715 contenderit.
1138 2661 1211 2725 Quod

283 2771 332 2807 nos
356 2755 383 2807 in
410 2755 496 2807 medio
522 2754 714 2822 relinquimus;
742 2756 775 2808 de
794 2771 821 2809 re
835 2764 922 2809 autem
939 2757 981 2810 eff.
1005 2756 1209 2821 Boeokhius,

282 2867 326 2920 op.
346 2852 365 2905 l.
383 2867 410 2919 p.
424 2854 475 2903 180
494 2867 551 2919 sqq.
573 2859 599 2904 et
616 2851 867 2905 Stallhaumins
885 2853 912 2905 in
935 2853 1017 2908 Plat.
1038 2853 1157 2906 Phaed.
1183 2869 1210 2920 p.

282 2949 326 3001 ot.
362 2948 476 3014 Vulgare
494 2955 580 2999 tamen
599 2946 752 3001 Socratis
772 2956 957 3015 argumentum
968 2964 1008 3013 ,ta
1026 2949 1212 3016 wyttenba-

284 3043 361 3096 chio
381 3059 434 3095 non
452 3052 643 3107 memoratum,
664 3060 694 3096 er
709 3034 799 3099 eodem
819 3044 1049 3113 Olympiodori
1066 3047 1132 3107 loeo,
1148 3064 1174 3114 p.
1185 3048 1210 3100 ἱ).

190 3143 192 3149 Ι
283 3164 334 3216 MS.
355 3162 459 3222 Voss„
481 3155 524 3207 hio
550 3157 754 3224 subjungimus:
784 3145 820 3202 Τὸ
851 3146 881 3204 δέ
899 3146 1058 3204 διαλεκτικὸν
1077 3149 1121 3203 καὶ
1142 3148 1212 3224 pthi-

284 3279 361 3334 σορνν
391 3259 508 3314 τοιοῦτόν
539 3260 604 3325 ἐςιν,
626 3257 667 3315 ὀτι
688 3259 720 3321 (εἰ
741 3263 769 3316 in
794 3268 878 3331 Marg.
908 3261 1075 3330 adscriptum)
1104 3257 1128 3312 οἱ
1160 3258 1210 3312 θεοὶ

284 3368 357 3442 ἡμῶν
389 3365 454 3422 εἰσὶν
485 3366 657 3439 ἐπιμελῆται,
690 3365 735 3421 καὶ
767 3370 889 3442 κπῇρινιτνι
908 3367 1007 3420 ἐκείνων
1027 3364 1101 3440 ἐσμὲν
1121 3366 1152 3421 οὐ
1172 3363 1212 3420 δεῖ

286 3475 388 3547 ἐξάγειν
409 3472 531 3538 ἑαυτούς,
553 3466 610 3526 ἀλλ’
634 3472 775 3548 ἐπιτρέπειν
796 3474 908 3538 ἐκείνοις.
929 3475 951 3529 εἰ
972 3472 1088 3549 μὲνγὰρ
1108 3476 1212 3549 θάτερον

285 3577 319 3642 ἦν
351 3584 468 3648 τούτων,
501 3580 545 3635 καὶ
565 3581 587 3636 εἰ
609 3584 730 3655 κτήματα
753 3575 817 3656 ’ἦμεν
837 3589 887 3637 τῶν
919 3583 1000 3648 θεῶν,
1036 3583 1065 3638 οὐ
1085 3581 1136 3655 μὴν
1156 3581 1213 3636 ἐπε-

285 3687 410 3763 μελοῦντο
428 3689 512 3762 ἡμῶν,
534 3686 550 3749 ἦ
571 3687 721 3756 ἀνάπαλιν,
742 3692 831 3765 χώραν
852 3688 965 3753 irroratis
984 3685 1053 3766 εἶχεν
1065 3688 1171 3765 εὔλογον
1183 3688 1214 3745 r'o

286 3797 388 3870 ἐξάγειν
407 3799 477 3870 ἡμᾶς
502 3798 617 3861 ἑαυτούς·
644 3803 689 3852 νῦν
709 3790 832 3874 δ’άριρω,
852 3801 882 3855 οὺ
903 3799 943 3856 δεῖ
963 3801 1030 3856 λύειν
1049 3798 1093 3856 τὸν
1106 3798 1212 3875 δεσμόν.

289 3897 317 3963 (¹)
343 3897 383 3952 Cf.
415 3898 511 3951 Plato
544 3898 572 3950 in
599 3898 761 3961 hincho,
794 3916 826 3987 p.⁸
845 3902 898 3953 729
927 3902 1009 3956 Eed.
1030 3901 1113 3967 Fie,
1143 3900 1213 3970 apud

290 3994 376 4048 Stoh.
393 3992 420 4046 in
443 3996 511 4049 Flor.
531 3993 582 4050 rit.
602 3997 661 4060 121,
680 3999 714 4048 38
731 3996 772 4050 ed.
793 3995 899 4051 Gaisf.
