2712 4842
716 428 781 494 252

286 604 501 694 devoverunt,
520 607 670 679 honorate
691 611 753 677 fuit
775 608 924 676 memorie
944 611 1107 699 virtusque
1125 635 1223 678 sum-

287 726 347 790 mis
369 723 512 791 laudibus
534 725 633 808 elata3
659 724 700 793 de
726 727 752 792 is
776 716 883 793 eutem
907 726 983 816 qui,
1009 753 1112 818 quum
1138 729 1222 794 vine

285 865 447 907 aerumnas
479 841 560 909 ferre
585 867 650 909 non
671 859 819 935 pessent,
842 844 908 909 vim
934 843 993 909 sibi
1015 844 1218 918 intulerunt.

286 955 406 1023 diversa
433 957 616 1025 ferebantur
644 958 776 1046 judicie.
837 960 936 1026 Stoici
969 959 1063 1047 vulgo
1098 983 1219 1027 caussas

286 1075 445 1164 quinque,
467 1076 509 1141 ob
532 1099 609 1167 quas
629 1077 751 1168 sapiens
777 1093 908 1142 mortem
928 1077 988 1142 sibi
998 1077 1217 1157 conscisceret,

277 1188 431 1281 'probasse
450 1190 618 1276 feruntur,
650 1192 861 1284 reipublicae
886 1190 1037 1275 salutem,
1060 1189 1174 1279 dogma
1200 1218 1218 1258 a

283 1306 396 1373 Stoicis
417 1305 522 1372 multis
542 1306 616 1374 loeis
639 1306 847 1390 celebratum,
870 1306 933 1375 vim
951 1309 1093 1399 tyranni,
1119 1333 1215 1374 men-

281 1424 320 1489 tis
355 1421 519 1508 delirium,
551 1423 672 1492 dolores
704 1426 864 1518 eorporis,
886 1423 943 1492 sed
968 1443 1091 1493 tantum
1111 1427 1216 1495 vehe-

283 1542 448 1607 mentiores
458 1538 519 1629 (¹),
541 1557 573 1606 et
593 1565 747 1607 summam
767 1542 1049 1634 paupertatem('),
1065 1558 1101 1608 ut
1119 1543 1217 1609 refert

282 1655 605 1748 Olympiodorus
628 1658 662 1724 in
683 1657 805 1725 scholiis
827 1657 867 1723 ad
886 1657 1064 1725 Platonis
1087 1658 1213 1724 Phae·

283 1780 423 1850 donem
445 1781 512 1867 (³)r
538 1782 579 1847 Oi
607 1780 728 1848 Στωϊιοοί
754 1782 836 1849 πέντε
862 1784 980 1872 τρόπους
1005 1781 1104 1870 ἔλεγον
1129 1780 1214 1847 εὐλό-

282 1933 334 1997 γου
359 1904 517 1996 ἐξαγωγῆς·
546 1906 705 1984 ἀπείκαζον
730 1906 791 1997 γὰρ
816 1906 863 1973 τόν
888 1904 953 1992 βίον
978 1906 1142 1996 συμποσίῳ,
1163 1905 1213 1970 καί

279 2032 378 2121 ἔλεγον
419 2035 461 2097 ότι
502 2023 543 2096 δι’
585 2035 653 2106 ὅσας
678 2031 771 2105 αἰτίας
796 2030 892 2097 λύεται
919 2029 950 2097 τό
976 2034 1134 2119 συμπόσιον
1159 2027 1216 2096 διὰ

281 2160 335 2233 τὰς
375 2157 464 2232 αὐτὰς
505 2153 557 2222 δεῖ
587 2154 637 2221 καί
663 2154 710 2222 τόν
736 2153 800 2241 βίον
825 2154 913 2221 λύειν.
940 2154 1036 2221 λύεται
1063 2156 1155 2221 τοίνυν
1180 2155 1213 2220 τὸ

281 2286 439 2372 σνριπόσιον
463 2279 518 2346 διὰ
544 2282 647 2370 χρείαν
672 2285 752 2370 ἄφνω
778 2279 909 2368 μεγαλην
924 2275 1073 2354 ἔπιςῶσαν
1084 2278 1137 2370 (1)
1156 2274 1214 2344 οἷον

281 2406 335 2474 διὰ
362 2406 519 2496 παρουσίαν
544 2404 626 2496 φιλον
652 2410 732 2496 ἄφνω
757 2404 902 2491 ἐλθόντος,
929 2401 1019 2475 indici
1034 2403 1097 2479 τοὺς
1110 2403 1213 2471 ἐπεισ-

280 2538 468 2622 κωμάζοντοις
491 2531 561 2620 (5),
590 2506 925 2621 αἰσχρορρνρονοῦντας,
955 2530 973 2601 ἢ
999 2527 1053 2595 διὰ
1079 2530 1214 2596 καταλα-

281 2685 370 2729 autern
393 2675 471 2730 Stoici
491 2684 608 2730 veterum
628 2681 768 2744 poetarum
782 2671 920 2726 sententiis
940 2687 989 2725 sue
999 2671 1096 2740 scripte
1104 2671 1213 2740 irrigare
1248 2738 1251 2751 φ

279 2773 408 2838 solerent,
434 2788 487 2825 non
510 2771 607 2824 mirum
636 2767 795 2838 quinetiam
812 2769 861 2821 hee
879 2775 1047 2837 praeceptum
1064 2769 1096 2821 ab
1114 2767 1214 2819 Euri·

278 2880 356 2951 pide
382 2878 493 2933 fluxerit.
530 2875 559 2943 (¹)
588 2880 620 2932 D.
653 2874 794 2940 L.V11,§
825 2875 897 2926 130:
927 2869 1050 2944 Εὺλόφιως
1077 2872 1105 2925 τό
1133 2892 1209 2945 φασιν

277 2986 378 3051 ἐξάξειν
407 2979 498 3039 ἑαυτὸν
531 2984 578 3036 τοῦ
610 2978 672 3054 βίον
691 2973 735 3032 τόν
755 2975 854 3051 σοφόν,
875 2975 920 3030 καὶ
939 2974 1003 3051 ὑπὲρ
1024 2975 1150 3052 πατρίόος
1169 2977 1213 3031 καὶ

277 3091 341 3168 ὑπὲρ
361 3091 449 3167 φίλων·
472 3085 519 3164 κᾷν
547 3089 573 3144 ἐν
598 3085 758 3161 σκληροτέρᾳ
776 3086 884 3158 γένηται
903 3083 1053 3158 ἀλγηδόνι,
1088 3082 1103 3145 ἦ
1124 3087 1212 3160 παρόν·

186 3235 188 3239 -
277 3221 368 3266 σεσιν,
401 3196 417 3259 ἦ
438 3196 522 3260 νόσοις
540 3188 665 3258 ἀνίατοις.
704 3202 731 3267 (²)
757 3205 828 3256 Seu.
851 3207 916 3270 Epp.
944 3206 977 3255 17
1005 3210 1032 3255 et
1059 3204 1103 3264 70,
1122 3201 1211 3254 Arri-

278 3315 328 3353 an.
353 3298 387 3350 ad
403 3297 511 3366 Epiet.
531 3301 552 3361 1,
569 3299 595 3351 9.
616 3298 655 3350 Cf.
674 3312 754 3365 supra
771 3315 799 3367 p.
817 3299 869 3350 229
887 3314 928 3365 sq.
965 3297 992 3365 (θ)
1011 3298 1052 3353 l.1.
1069 3314 1097 3367 p.
1116 3299 1142 3351 3.
1161 3298 1209 3353 Gd.

278 3396 459 3462 Tnylorus,
477 3397 552 3447 Duet.
571 3391 661 3447 nubit,
680 3410 706 3461 p.
720 3395 780 3460 13⁰,
792 3395 974 3459 Fabrotus,
987 3398 1075 3449 Exere.
1085 3394 1117 3448 de
1127 3400 1210 3447 inerte

274 3495 342 3555 voi,
370 3489 398 3543 in
426 3493 516 3544 Ever.
546 3492 656 3542 otton.
682 3489 761 3542 Thes.
788 3494 844 3544 Jur.
873 3494 951 3546 Rem.
971 3495 1002 3545 T.
1021 3495 1066 3553 111,
1084 3507 1111 3560 p.
1130 3493 1207 3552 1187,

276 3590 391 3652 Feder,
420 3587 453 3639 de
475 3592 558 3639 morte
575 3584 643 3649 vol„
667 3582 695 3636 in
719 3584 942 3652 Tydemenni,
961 3591 1034 3655 Synt.
1052 3603 1080 3654 p.
1099 3588 1150 3640 526
1167 3602 1208 3653 sq.

280 3701 307 3768 (⁸)
326 3699 411 3754 Verba
437 3689 484 3747 ιλιόι
515 3687 562 3753 τὰς
580 3718 609 3731 --
636 3687 801 3763 συμπόσιον,
831 3690 854 3744 si
881 3689 988 3759 quidem
1005 3687 1072 3743 fides
1091 3688 1211 3742 habenda

276 3798 437 3859 Febroto,
465 3790 647 3845 desiderantur
677 3788 706 3842 in
735 3795 786 3844 Ms.
805 3787 872 3842 Bibl.
896 3791 963 3853 Reg.
985 3790 1071 3848 Per.;
1100 3785 1129 3838 in
1154 3801 1207 3853 quo

276 3907 399 3975 deinceps
423 3899 520 3968 legitur
549 3891 565 3954 ἢ
595 3889 642 3951 deri
674 3894 765 3967 χρείαν
797 3888 867 3967 ἄφνω
897 3882 1013 3965 μτφόιλην
1054 3887 1212 3957 inre-eiecere.

278 4019 306 4085 (Β)
324 4022 353 4070 In
372 4016 422 4070 Me.
441 4012 509 4064 Per.
528 4000 747 4077 ἐπικωμάζοντας.
