2712 4842
169 635 207 699 tis
238 655 311 699 cum
330 631 521 724 tyrannide,
544 635 638 702 Cato
659 633 811 701 sententia
833 656 886 700 sua
909 630 1028 699 bellum
1048 630 1097 699 ei-

167 750 227 816 rile
259 751 428 840 repressit,
461 736 637 818 furentium
658 752 841 842 principum
864 750 956 814 armis
979 747 1099 815 medius

162 866 361 951 intervenit,
395 865 458 932 aliis
480 869 725 960 Pompcjum,
749 867 812 933 aliis
834 868 1025 932 Caesarem
1047 866 1101 933 of-

169 979 395 1064 fendentibus,
417 979 497 1050 duos
522 985 611 1072 quasi
631 983 724 1050 simul
745 982 896 1050 lacessivit
921 980 983 1071 (¹);
1009 981 1102 1049 altera

169 1098 260 1189 quasi
290 1122 386 1164 manu
413 1096 592 1166 libertatem
615 1101 711 1167 tuitus
739 1117 809 1181 est,
838 1097 931 1165 altera
954 1101 1102 1189 tyranni·

167 1211 248 1280 dem
280 1213 446 1307 propulit3
477 1239 553 1284 voce
587 1215 743 1308 populum
765 1217 905 1282 Romae
935 1214 975 1281 ad
999 1214 1102 1282 liber·

171 1346 267 1397 tatem
300 1331 446 1399 excitavit
467 1329 535 1422 (²),
572 1333 665 1398 armis
688 1333 723 1397 in
743 1331 881 1399 Africa
904 1332 1101 1398 Caesaris

170 1446 379 1515 dominationi
400 1447 586 1536 restitit(⁸);
612 1465 649 1514 ut
670 1473 737 1516 non
758 1466 876 1514 temere
893 1463 1029 1514 statuere
1048 1448 1100 1514 vi·

174 1562 330 1649 deantur,
353 1588 419 1653 quo
440 1563 551 1631 ardore
571 1588 630 1656 per
650 1581 752 1632 totum
775 1562 853 1630 illud
873 1563 992 1630 bellum
1014 1563 1105 1630 civile

134 1664 136 1669 ¹
174 1681 236 1747 sub
269 1682 444 1771 Pompeji
476 1679 593 1748 vexillis
634 1706 694 1773 pro
723 1682 848 1773 patria,
881 1704 941 1768 pro
961 1679 1105 1746 libertate

177 1797 357 1887 pugnavit,
393 1795 504 1864 eodem
530 1795 694 1887 profecto,
726 1797 751 1863 si
778 1797 983 1887 Pompejus
1006 1797 1104 1864 victor

172 1913 318 1979 evasisset
350 1914 474 2002 sibique
498 1914 582 1980 orbis
604 1914 736 1980 Romani
760 1911 1005 1982 dominationem
1028 1915 1104 1980 vin-

177 2027 283 2096 dicare
304 2028 493 2114 studuisset,
527 2054 602 2096 eum
624 2031 742 2122 patriae
763 2047 1025 2123 prospecturum‚
1049 2029 1104 2096 ul·

178 2147 253 2213 tima
275 2145 425 2212 libertatis
445 2147 566 2234 vestigia
580 2170 773 2237 pressurum,
794 2147 973 2236 civiumque
988 2147 1105 2213 animos

177 2286 260 2329 novo
283 2259 394 2329 ardore
418 2262 688 2328 inflammatururn
706 2262 808 2329 fuisse.

221 2381 331 2466 Cato,
363 2378 437 2446 licet
451 2380 521 2467 jam
543 2395 612 2445 tum
638 2381 805 2468 temporis,
830 2403 930 2467 quum
955 2379 1104 2445 Uticam

178 2519 211 2563 sc
229 2497 405 2587 reciperet,
428 2493 469 2561 de
492 2510 595 2560 morte
618 2495 677 2561 sibi
699 2493 864 2559 inferenda
888 2496 1034 2580 cogitasse
1053 2498 1105 2562 vi-

178 2610 312 2696 deatur,
350 2610 450 2679 noluit
486 2628 591 2677 tamen
614 2613 713 2678 evita
735 2609 867 2692 cedere,
893 2611 951 2675 nisi
975 2635 1106 2693 omnes,

179 2753 318 2819 quorum
348 2731 490 2795 omnium
517 2728 600 2796 oculi
630 2728 666 2793 in
696 2726 759 2795 hoe
781 2749 905 2793 summo
923 2725 1107 2794 'discrimine

178 2847 214 2911 iu
248 2871 348 2910 unum
382 2847 567 2912 Catonem
601 2861 689 2910 erant
712 2845 872 2928 conversi,
896 2844 954 2909 tuti
976 2862 1102 2928 essent3

179 2980 288 3030 auctor
320 2964 415 3049 igitur
445 2962 507 3028 suit
544 2961 773 3044 Uticensibus,
808 2975 845 3025 ut
877 2960 1029 3027 continuo
1065 2960 1106 3026 ad

177 3083 383 3146 Caesarem
417 3077 529 3166 legatos
551 3078 735 3157 mitterent,
759 3098 820 3168 pro
844 3098 875 3140 se
902 3090 1005 3140 tamen
1028 3075 1109 3142 nihil

177 3198 326 3290 precibus
352 3211 578 3287 exposceren13
611 3194 707 3262 victos
728 3192 815 3257 enim
834 3190 992 3283 supplices
1019 3214 1107 3278 esse,

178 3330 273 3403 atque
303 3335 353 3379 eos
387 3313 444 3403 qui
463 3307 669 3402 deliquissent
691 3308 811 3377 veniam
842 3324 949 3396 petere
969 3306 1105 3396 debere3

176 3453 209 3494 se
243 3452 318 3495 vero
351 3453 410 3521 per
442 3443 540 3493 totam
577 3426 671 3493 vitam
707 3449 775 3492 non
797 3423 892 3492 modo
914 3427 1106 3496 invictuma
1211 3432 1214 3439 ’

179 3547 341 3611 Caesare
368 3568 408 3612 ,se
442 3543 650 3636 praestitisse,
682 3539 738 3607 sed
770 3540 863 3607 etiam
885 3565 968 3625 esse,
992 3559 1108 3634 quate-

179 3685 240 3727 nus
275 3660 386 3748 vellet,
422 3662 597 3745 victorem,
634 3660 898 3748 Caesaremque
919 3660 1034 3728 virtute
1052 3685 1111 3727 su-

165 3976 169 3985 f
215 3939 243 4007 (¹)
264 3945 335 3994 sen.
365 3942 412 4007 Ep.
441 3940 484 3994 tr.
520 3939 548 4007 (¹)
577 3935 617 3992 Gi.
642 3938 715 3991 Luo.
742 3935 833 3990 Phara.
859 3938 892 4001 11,
919 3938 969 3990 302
987 3953 1044 4009 sqq.
1082 3940 1111 4005 (³)

179 4039 264 4094 Plut.
284 4054 310 4106 p.
329 4038 382 4092 tst
399 4051 457 4103 sqq.
