2756 4830
620 426 687 499 307

175 611 398 703 strationisque
411 636 514 681 caussa
533 615 568 678 in
588 637 722 702 corpore
741 610 899 679 inclusum
919 631 984 676 esse
997 628 1109 677 causs-

174 730 277 813 baut3
315 727 446 818 quidum
484 746 590 797 tamen
629 731 714 801 inter
746 753 778 799 se
795 727 977 814 litigarunt,
999 741 1107 790 utrum

174 861 208 909 et
232 844 363 934 quando
392 845 482 911 liceat
503 847 644 912 animum
666 848 697 912 vi
720 868 893 936 acorpore
915 842 1055 921 solvere3
1090 863 1108 905 e

175 959 292 1051 quibus
326 984 401 1050 prae
424 963 532 1029 ceteris
556 942 752 1059 memorandi
777 977 852 1026 suut
877 958 1105 1029 Macrobius

174 1075 553 1168 etOlympiodorus.
598 1079 824 1146 Macrobius
848 1075 994 1166 (¹),qui
1018 1073 1106 1140 Pla·
1183 1137 1187 1146 .

172 1194 280 1259 tonis
312 1210 344 1258 et
364 1194 518 1260 Plotini
544 1196 731 1263 rationibus·
753 1211 844 1260 utens
872 1194 917 1260 sic
940 1193 1105 1284 utriusque

172 1325 315 1376 mentem
345 1312 594 1403 interpretatur,
630 1328 667 1377 ut
699 1311 786 1377 nulla
818 1308 999 1378 conditione
1034 1309 1107 1375 cui-

174 1451 271 1516 quam
304 1430 483 1494 concessuri
502 1430 566 1494 sint
588 1430 713 1494 sibituet
734 1450 845 1492 manus
866 1424 1003 1509 inferre,
1025 1423 1123 1491 illam'

173 1558 298 1609 tantum
322 1562 456 1611 mortem
484 1544 673 1611 laudabilem
697 1569 760 1610 esse
785 1560 910 1628 censet,
936 1565 1016 1632 quae
1045 1565 1107 1632 ope

173 1659 411 1752 philosophiae,
435 1688 500 1729 uon
530 1663 635 1743 ferro,
670 1660 865 1753 prudentia,
897 1684 964 1725 non
985 1682 1108 1727 veneno

177 1795 400 1866 comparatur3
437 1805 502 1870 qua
533 1804 647 1869 corpus
671 1779 813 1844 animum
838 1775 1012 1866 relinquit,
1039 1799 1107 1841 non

175 1918 250 1960 vero
270 1896 393 1960 animus
412 1895 562 1963 violenter
574 1920 591 1961 e
603 1919 736 1984 corpore
748 1890 941 1959 extruditur.
977 1891 1110 1982 Olym-

176 2008 392 2097 piodorus‚
428 2028 584 2103 utsupra
605 2012 805 2091 monuimus,
829 2008 953 2077 easdem
975 2011 1108 2077 rationes

175 2127 386 2218 comprobat,
422 2126 476 2199 sed
509 2131 550 2195 ita
583 2146 618 2194 ut
653 2127 728 2197 inde
755 2128 887 2209 efficiat,
925 2151 1013 2218 posse
1046 2127 1108 2193 ali-

178 2241 307 2332 quando
326 2243 529 2313 voluntariam
543 2262 675 2312 mortem
688 2245 847 2336 permitti3
866 2244 944 2310 hinc
958 2268 1109 2333 quoque,

173 2358 354 2426 Platonis
388 2378 570 2446 argumenta
603 2362 708 2426 minus
733 2362 965 2453 comprobem,
990 2360 1106 2428 horum

173 2483 360 2571 expositioni
391 2504 478 2550 snam
507 2487 718 2571 senteutiam,
748 2491 789 2550 ὅτι
821 2484 852 2549 οὐ
882 2483 934 2550 δεῖ
955 2482 1108 2575 ἐξαγαγεῖν

174 2605 309 2695 ἑαυτούς,
335 2609 501 2696 subjungit
521 2607 571 2672 his
591 2609 692 2675 verbis
714 2607 778 2698 (ἢκ
803 2610 844 2675 Ei
863 2615 912 2675 τοῦ
930 2610 992 2675 θεοῦ
1006 2608 1109 2688 διττὰς

173 2735 289 2819 ἔχοντος
328 2730 466 2822 δυνάμεις
491 2733 659 2823 οἰναγωγούς
683 2757 714 2799 τε
739 2733 788 2798 καὶ
819 2742 1034 2824 προνοητικοὶς,
1064 2740 1106 2826 μὴ

173 2856 388 2946 ἕρποὸίζωνται
427 2859 457 2923 αἱ
490 2856 673 2948 προνοατικαέ
708 2864 765 2924 τῶν
796 2856 936 2951 δευτέρων
968 2859 1108 2949 δυνάμεις

174 2983 230 3049 ὑπὸ
256 2990 314 3050 τῶν
345 2987 506 3073 ἀναγωγῶν
539 2982 588 3049 καὶ
619 2983 718 3058 αὐταῖς
743 2983 922 3077 ἐπες-ρόρων,
949 2981 1015 3050 ἀλλ’
1043 2994 1107 3075 ἅμα

173 3102 236 3175 κατ’
281 3115 368 3202 ἄμφω
409 3109 541 3201 ε’νεργεῖ;
572 3102 658 3184 οὔτως
689 3102 736 3174 οὖν
767 3107 816 3173 καί
862 3109 910 3175 τόν
957 3111 1108 3204 φιλόσοφον

172 3238 301 3325 μιμητὴν
334 3241 401 3303 ὅντα
432 3236 520 3322 θεοῦ,
554 3230 698 3325 (ὁμοίωσις
729 3227 774 3325 (³)
802 3235 862 3326 γὰρ
890 3232 945 3325 Θεῷ
973 3240 991 3308 ἡ
1021 3238 1107 3329 φιλο-

172 3356 272 3453 σορία)
311 3361 393 3428 οὐδὲν
434 3362 536 3427 κωλύει
568 3362 690 3452 ἐνεργεῖν
728 3368 792 3449 ἅμα
828 3360 876 3426 καί
907 3371 1109 3455 γενεσωνργώς

173 3488 313 3578 ἐνεργεῖν,
340 3487 389 3553 καὶ
416 3493 609 3579 προνοητικῶν
619 3512 626 3531 ‘⁸
635 3494 692 3552 τῶν
717 3485 877 3578 δευτέρων,
904 3487 936 3553 οὐ
953 3491 1011 3577 μὴν
1026 3488 1108 3554 ἀλλὰ

173 3611 223 3678 καὶ
258 3613 451 3705 καθαρτικῶν.
489 3612 669 3702 χωρισθέντα
705 3611 757 3700 μὲν
797 3613 857 3703 γὰρ
893 3619 942 3679 τοῦ
977 3616 1108 3705 σώματος

165 3804 281 3823 ῃ

211 3891 239 3958 (1)
257 3898 288 3945 ln
317 3896 405 3944 Somn.
438 3890 522 3960 Scip.
554 3896 575 3956 1,
603 3877 631 3943 c.'
655 3891 698 3942 13.
745 3890 773 3954 (²)
800 3893 831 3941 In
856 3887 941 3944 Schol.
971 3888 1000 3943 in
1025 3893 1110 3948 Plat.

176 3993 297 4048 Phacd.
316 3993 379 4048 uod.
398 3998 448 4049 MS.
466 3997 559 4048 Voss,
577 4009 604 4061 p.
625 3997 651 4052 1.
689 3993 717 4060 (³)
735 3998 787 4052 Ms.
807 3989 929 4066 ὁμοίων,

926 4094 999 4161 rto*
