2756 4830
718 463 787 534 θθθ

282 656 423 728 θνήσκειν.
451 651 499 719 uui
526 655 540 719 ὁ
566 655 721 745 Σωκράτης
746 654 776 720 ἐν
801 660 837 744 τῇ
862 652 932 746 πρὸς
956 657 1053 722 τοῦτον
1067 653 1211 745 ἀπολογίᾳ
1236 711 1243 721 ,

283 779 339 868 οὐχ
365 779 457 869 ἑαυτῷ
476 779 703 869 κατακολουθεῖ,
729 777 811 845 ἀλλά
836 787 873 869 τῇ
897 775 977 857 τάξει
1004 784 1054 845 τοῦ
1068 778 1211 865 Κέβητος.

282 904 331 970 καὶ
371 907 387 971 ὁ
418 903 518 992 Κέβης
556 911 669 997 πρῶτον
694 907 823 998 ἠρώτησε
848 904 917 996 πρὸς
943 905 1031 971 ἐκεῖνο
1056 904 1105 971 καὶ
1132 906 1212 982 αθτός

282 1033 478 1122 ἀποκρίνεται.
519 1031 625 1097 τούτων
650 1022 698 1097 οὖν
722 1033 775 1103 τήν
800 1031 894 1098 αἰτέειν
919 1027 971 1097 δεῖ
992 1031 1092 1098 εἰπεῖν.
1120 1033 1137 1097 ὃ
1160 1031 1212 1120 μὲν

280 1148 329 1222 οὖν
349 1158 507 1249 Σωκράτης
531 1151 671 1248 προέταξε
695 1155 728 1224 τό
752 1155 855 1223 ἐθέλειν
882 1157 1073 1229 ἀποθνήσκειν
1098 1163 1146 1224 τοῦ
1171 1159 1212 1248 μή

279 1277 394 1370 ἐξάγειν
419 1281 528 1348 ἑαυτόν.
557 1282 696 1370 εἰκότως,
721 1279 823 1355 ἐπειδὴ
848 1288 929 1350 τοῦτο
954 1278 1212 1373 προηγουμένονήν

279 1405 369 1495 αὐτῷ·
396 1406 472 1496 λέγω
497 1403 537 1478 δή
563 1406 628 1498 περὶ
654 1407 831 1475 τοῦιέθελειν
854 1407 1054 1480 ἀποθνήσκειν·
1069 1406 1119 1474 καὶ
1135 1408 1212 1474 κατὰ

278 1529 462 1625 παρέκβασιν
501 1532 599 1599 λοιπὸν
640 1533 728 1619 εἶπε,
754 1531 804 1598 καὶ
830 1533 862 1600 οὐ
887 1530 938 1599 δεῖ
959 1530 1075 1624 ἐξάγειν
1100 1532 1208 1599 ἑαυτόν.

280 1657 296 1723 ὁ
335 1654 371 1723 δὲ
412 1654 513 1743 Κέβης
538 1655 603 1746 ήδει
629 1657 681 1746 μὲν
706 1658 820 1727 ἐκτῶν
845 1658 1004 1750 ρἰλοσόρων
1028 1664 1185 1739 συνουσιῶν
1197 1709 1209 1744 ,

280 1786 324 1849 ὅτι
364 1782 397 1848 οὐ
437 1779 488 1848 δεῖ
524 1780 638 1873 έξοίγειν
667 1783 786 1873 εὀιντόν,
812 1786 909 1876 ἠπόρει
936 1781 1057 1859 δέπῶς
1083 1783 1208 1856 ἐθελήσει

280 1906 471 1979 ἀποθνήσκειν
496 1909 510 1972 ὁ
536 1908 694 1999 ριλόσορσς·
722 1906 770 1974 διδ
795 1907 810 1975 δ
835 1910 933 2002 ήπόρει
955 1913 1081 1998 ἔσχατον
1095 1908 1209 1976 eruut

279 2029 314 2099 δὲ
354 2034 509 2124 Σωκροίτης
543 2038 668 2125 ἄρχεται
710 2034 770 2101 ἀπὸ
799 2040 847 2102 τοῦ
872 2038 914 2123 μή
940 2031 1053 2125 έξάγειν
1085 2034 1208 2119 ἑαυτόν,

280 2159 318 2234 ὡς
361 2159 583 2251 καθολικωτέρου
622 2159 670 2224 καὶ
712 2162 880 2252 κοινοτέρον.
924 2167 1003 2228 τοῦτο
1032 2160 1093 2252 γάρ
1118 2168 1208 2226 πᾶσιν

279 2282 460 2374 ἐπιτρέπεται
499 2283 531 2349 οὐ
566 2287 652 2373 μόνον
686 2284 873 2375 ριλοσόροις,
914 2285 995 2351 ἀλλά
1034 2285 1083 2351 καί
1121 2290 1206 2355 ποίντι

176 2440 182 2453 s
278 2408 450 2499 ἀνθρώπῳ,
486 2407 517 2474 τὸ
542 2409 583 2497 μή
609 2406 723 2497 ἐξάγειν
748 2408 855 2476 ἑαυτόν·
884 2410 914 2477 τέ
940 2388 975 2477 δὲ
1000 2411 1104 2477 ἑθελειν
1128 2414 1208 2478 ἀπο-

280 2532 410 2606 θνήσκειν
451 2536 545 2621 μθνοις
580 2533 739 2626 ριλοσόροις
764 2535 957 2626 ἐπιτρέπεται.
985 2537 1040 2602 Διδ
1065 2536 1097 2604 τὸ
1122 2562 1208 2628 ρερτ-

280 2662 402 2752 κώτερον
426 2663 528 2751 θςερον
552 2657 662 2738 ἔταξεν.

325 2776 506 2845 Socrates
527 2777 642 2865 igitur,
665 2776 714 2845 vel
733 2778 838 2869 potius
856 2777 968 2846 Plato
989 2780 1049 2846 sub
1069 2771 1210 2846 Socra-'

281 2895 331 2961 tis
361 2918 514 2983 persona,
547 2918 614 2961 non
643 2908 760 2959 temere
789 2917 828 2960 ex
854 2895 1011 2985 antiquis,
1041 2896 1098 2986 qui
1118 2917 1206 2961 mor·

283 3028 346 3079 tem
365 3011 571 3079 voluntarium
589 3010 833 3103 improbarunt,
853 3012 1002 3103 princeps
1022 3009 1116 3077 fuisse
1128 3034 1206 3077 cen·

281 3145 365 3196 setun
398 3125 462 3215 (ἧς
499 3151 605 3219 neque
633 3143 737 3194 tamen
763 3128 831 3219 ipse
860 3127 975 3195 Pluto
995 3144 1129 3195 mortem
1148 3151 1206 3195 vo·

281 3246 448 3312 luntariam
481 3245 547 3311 sine
577 3243 639 3311 ulla
661 3246 846 3337 exceptione
866 3243 1039 3313 damnavit.
1082 3245 1122 3310 In
1141 3245 1208 3335 ipso

282 3358 360 3428 adeo
382 3358 613 3448 Phaedone,
653 3386 755 3452 quum
780 3362 966 3428 haesitanter
984 3362 1127 3453 suiipsius
1146 3383 1206 3427 ne·

281 3502 351 3546 cem
371 3475 564 3561 dissuadeat,
590 3480 679 3569 quusi
700 3502 768 3546 eam
786 3477 956 3567 aliquando
967 3479 1114 3570 probaret
1130 3501 1205 3570 spe-

282 3595 362 3663 eiem
382 3593 489 3662 saltem
510 3595 662 3681 assumit3
686 3595 721 3660 in
743 3618 839 3686 opere
857 3618 931 3664 vero
948 3593 989 3661 de
1008 3595 1144 3682 Legibus
1166 3591 1206 3681 (²)

281 3710 391 3800 elegis
412 3735 514 3805 poena
532 3710 648 3779 diserte
666 3736 717 3779 eos
734 3714 853 3804 exeipit
875 3712 932 3803 qni
949 3709 1072 3801 judicio
1096 3712 1206 3795 eivita-

278 3850 407 3879 ...n-

316 3938 344 4009 (¹)
363 3939 404 3994 Cf.
424 3942 511 3994 Laut.
541 3939 599 4008 Div.
631 3943 696 3995 Inst.
722 3943 766 4003 111,
793 3941 837 3993 18.
874 3938 1039 4013 (¹)Lib.1x,
1058 3956 1086 4008 p.
1105 3942 1157 3995 660
1175 3945 1204 4005 Β,

280 4033 405 4090 ed.'Fie.
421 4036 461 4091 of.
480 4035 731 4104 Reumburger,
750 4034 815 4090 diet.
832 4048 898 4093 mor.
917 4036 1037 4092 demost.
1048 4037 1099 4095 tol.
1112 4038 1205 4093 tw.
