2756 4830
709 466 775 535 326

273 661 441 741 utcunque
470 645 606 731 inillis,
640 649 703 739 qm⁴
724 648 835 716 morbo
858 647 1040 732 finiuntur,
1062 672 1213 738 magnum

275 765 410 854 ex›ipsa
435 768 614 833 necessitate
633 765 774 834 solatium
796 782 870 851 est3
902 766 938 831 in
958 767 994 832 iis
1013 790 1110 850 vero,
1133 791 1215 860 quos

275 884 419 951 arcessita
451 907 535 949 mors
565 881 687 963 aufert,
720 882 775 950 hic
808 881 983 949 insanabilis
1020 882 1111 953 dolor
1150 898 1214 967 est,

279 998 369 1088 quod
391 996 567 1066 creduntur
587 999 723 1089 potuisse
750 997 807 1067 diu
826 999 938 1067 vivere.
983 998 1213 1067 Corellium

280 1113 414 1205 quidem
437 1129 556 1182 summa
575 1116 671 1197 ratio,
693 1139 774 1205 quae
784 1115 977 1208 sapientibus
994 1140 1054 1205 pro
1074 1116 1211 1183 necessi-

279 1245 343 1295 tate
373 1246 440 1314 est,
474 1228 516 1296 ad
544 1230 608 1299 hoc
629 1230 793 1298 consilium
815 1229 988 1321 compulit,
1015 1257 1210 1321 quamquam

284 1344 439 1438 plurimas
469 1345 595 1415 vivendi
626 1372 743 1415 caussas
765 1347 945 1415 habentem.
974 1383 1022 1407 -a
1064 1346 1128 1414 Sed
1152 1364 1215 1417 tam

287 1461 402 1550 longa,
436 1479 500 1530 tam
529 1463 642 1553 iniqua
673 1462 851 1532 valetudine
885 1462 1150 1547 conflictabatur,
1181 1478 1217 1528 ut

283 1578 363 1653 haec
400 1596 485 1646 tanta
517 1585 618 1671 pretia
639 1578 764 1647 vivendi
783 1581 892 1646 mortis
910 1580 1082 1646 rationibus
1105 1578 1216 1647 vinee-

284 1697 432 1764 rentur”.
489 1698 639 1763 Enarrata
675 1694 824 1786 deinceps
852 1696 949 1786 ipsius
982 1696 1085 1789 morbi
1106 1712 1217 1763 natura

284 1828 383 1902 atque
415 1812 554 1894 ratione,
597 1809 719 1878 laudata
736 1814 817 1903 ejus
849 1813 1041 1895 constantia,
1072 1837 1134 1902 qua
1149 1815 1218 1901 jam

284 1951 346 2019 per
377 1944 514 2018 quatuor
535 1927 600 1994 dies
620 1928 682 1996 eibi
702 1929 890 1997 abstinentia
906 1910 1136 1997 increscentem
1159 1955 1217 1996 va·

284 2042 461 2131 letudinem
493 2046 633 2133 mitigare
659 2060 858 2130 tentaverat,
891 2070 976 2136 qua,
1004 2070 1105 2135 quum
1137 2045 1219 2114 mori

288 2159 489 2246 destinasset,
513 2185 620 2253 neque
654 2162 757 2230 uxoris
788 2184 893 2255 neque
919 2161 1000 2229 filiae
1021 2163 1171 2253 precibus
1188 2185 1222 2229 se

285 2277 374 2345 flecti
403 2278 602 2368 patiebatur,
636 2277 715 2347 haec
743 2275 872 2347 tandem
892 2275 1004 2349 addite
1050 2279 1213 2362 „Dixerat

290 2424 367 2467 rane
399 2399 524 2469 medico
549 2399 727 2469 admoventi
744 2403 875 2488 cibum,
898 2404 1035 2495 κέκρικα,
1059 2428 1140 2494 quae
1163 2429 1222 2474 vox

291 2531 447 2607 quantum
477 2515 690 2585 admirationis
720 2518 883 2587 inanimo
899 2543 992 2605 meo,
1016 2536 1139 2588 tantum
1159 2519 1222 2586 de·

290 2634 398 2701 'siderii
436 2633 600 2725 reliquit”.
658 2632 781 2701 Laudat
813 2636 907 2701 etiam
941 2635 1098 2702 Plinius
1133 2661 1224 2702 mor-

295 2768 360 2819 tem
380 2753 515 2819 seminae
536 2751 725 2843 municipis,
749 2773 829 2842 qnae
848 2753 977 2834 marito,
1001 2754 1115 2818 morbo
1133 2753 1222 2820 insa-

301 2868 400 2935 nabili
431 2859 606 2952 laboranti,
638 2891 673 2934 se
702 2867 731 2932 ei
754 2865 877 2953 alligans
906 2883 938 2933 et
970 2868 1006 2932 in
1032 2866 1135 2934 lacum
1159 2868 1223 2933 ab·

290 2987 424 3075 jiciens,
446 2987 512 3077 ipsa
531 3008 634 3052 comes
653 2983 783 3064 mortis,
806 2984 903 3050 immo
914 2980 980 3049 dux
993 3000 1027 3049 et
1040 2982 1245 3076 exemplum,

295 3119 328 3170 ct
352 3103 513 3170 necessitas
530 3100 613 3183 fuit3
651 3097 795 3189 illudque
817 3099 936 3166 factum
953 3097 1124 3166 'clarissimo
1144 3098 1226 3168 Ar·

295 3220 381 3288 riae
403 3216 487 3286 facto
504 3214 747 3305 adaequandum
767 3232 873 3281 censet
897 3215 951 3305 ().

344 3336 498 3422 Se'neoa
532 3331 574 3420 (²)
606 3330 747 3422 denique
768 3330 883 3413 refert,
915 3331 1008 3399 fuisse
1030 3332 1227 3424 Epicureum

302 3420 467 3547 sinendum
489 3445 725 3530 Diodorum,
762 3471 860 3537 quem
881 3447 984 3535 gulam
1009 3449 1069 3515 sibi
1099 3473 1230 3542 praese·

259 3584 261 3591 ’
300 3572 421 3651 cuisse3
438 3567 527 3654 cnjus
548 3564 669 3630 sactum
694 3588 794 3654 quum
815 3562 881 3646 aiii,
896 3581 1041 3651 negantes
1060 3566 1233 3658 Epicuri

302 3684 437 3753 decretis
463 3703 658 3768 congruere,
681 3677 875 3763 dementiae,
897 3680 947 3746 alii
971 3684 1149 3749 temeritatis
1171 3655 1231 3751 inss

308 3815 474 3884 cusarent,
498 3800 564 3891 ipse
585 3797 736 3867 Seneca
758 3797 799 3862 ita
815 3793 959 3884 judicat:
983 3822 1083 3886 eum,
1104 3801 1233 3873 beatum

342 4016 577 4116 [t)}3pp.⁴V1,2d.
615 4044 642 4112 Ρ)
661 4048 698 4098 De
714 4041 767 4099 vit.
785 4045 857 4101 Beni.
875 4059 898 4098 c.
917 4047 963 4103 19·
982 4112 984 4118 λ
1046 4002 1049 4010 ‘
