2798 4836
264 650 337 716 item
367 645 640 716 animadversione·
668 647 806 740 quadam
840 648 983 738 indiget:
1022 649 1124 717 Cetei
1151 634 1196 715 ibi

262 766 410 860 exponit,
433 763 594 855 quomodo
614 764 759 833 homiues
781 763 820 831 ad
844 767 919 833 boni
942 740 1103 832 notionein
1113 787 1194 853 per·
1300 788 1305 793 ·

260 884 406 949 veniant:
442 905 509 970 quo
526 880 595 949 loeo
615 904 677 974 pro
697 881 818 968 vulgata
838 879 993 959 lectione,
1015 881 1106 969 φιτοιί
1123 904 1186 946 ex·

258 1008 397 1064 tremum
428 1002 533 1086 posui
568 998 719 1078 bonum,
760 1021 833 1065 cum
869 997 1062 1064 Lambini>
1101 998 1189 1062 reei-

256 1115 383 1205 piutur‚
412 1114 503 1203 quod
523 1123 703 1180 extremum
718 1118 840 1203 posui,
865 1115 942 1179 boui
964 1118 1086 1180 notitia
1100 1114 1189 1199 fau·

260 1242 298 1297 ta
319 1242 379 1298 est.

301 1354 401 1421 Porro
434 1355 587 1445 φαντασίαι
621 1370 696 1422 sunt
718 1354 766 1421 vel
789 1356 949 1440 τεχνικαί,
975 1353 1025 1422 vel
1046 1359 1163 1440 ἄτεχνοι
1181 1405 1191 1437 ,

255 1467 453 1554 artificiales,
479 1470 528 1537 vel
551 1470 729 1555 naturales3
754 1487 849 1561 atque
869 1470 930 1537 hec
952 1467 1076 1562 duplici
1092 1469 1193 1551 forme

257 1597 438 1664 continetur
473 1620 571 1683 genus
602 1602 660 1661 τῶν
686 1600 850 1686 φαντασιῶν
875 1595 1027 1685 λογικῶν,
1058 1618 1140 1688 quae
1160 1614 1193 1661 et

257 1727 365 1795 νοήσεις
396 1719 558 1790 dicuntur.
601 1725 671 1791 Jam
704 1720 878 1790 artificiales
906 1742 1015 1789 omnes
1039 1715 1193 1787 dicuntur

258 1851 384 1927 ἔννοιαι,
429 1847 585 1915 naturales
628 1847 811 1937 προλήψεις,
862 1867 944 1936 quae
974 1843 1018 1908 itu
1050 1856 1126 1907 sunt
1157 1840 1192 1904 iu

256 1982 434 2056 promptu,
467 1981 504 2030 ut
525 1964 661 2031 humana
683 1965 762 2031 ratio
779 1964 814 2028 in
839 1985 888 2029 eas
907 1973 1021 2052 sponte
1051 1953 1192 2037 ineidat,

259 2079 346 2147 velut
364 2081 450 2148 notio
474 2081 577 2165 boni,
609 2080 708 2168 justi,
754 2080 835 2162 Dei3
877 2075 963 2143 unde
984 2089 1119 2166 apparet
1137 2071 1193 2137 has

258 2193 334 2262 dues
377 2195 490 2263 formes
536 2194 637 2283 gradu
674 2196 770 2282 magis
812 2219 908 2287 quum
938 2214 1051 2280 genere
1079 2187 1192 2255 differ-

258 2334 303 2378 ιο.
348 2311 428 2376 Num
462 2332 570 2377 omnes
600 2312 749 2402 propriae
782 2313 926 2379 notiones
950 2330 1025 2381 sunt
1045 2314 1192 2403 τεχνικαί,

252 2428 333 2516 quia
360 2450 408 2491 eas
436 2449 503 2493 non
531 2442 642 2493 natura
662 2427 730 2517 ipsa
751 2426 927 2509 hahemus,
952 2454 1056 2522 neque
1080 2430 1191 2499 nubis-

258 2568 335 2612 eum
356 2542 537 2627 attulimus,
561 2541 617 2610 sed
643 2542 718 2611 aliae
741 2542 805 2610 eliis
830 2544 948 2613 facilius
972 2548 1095 2638 acquiri
1111 2567 1189 2640 pos-

257 2684 343 2735 sunt.
389 2667 538 2758 Πφοληψις
558 2672 654 2757 igitur
673 2669 714 2736 ed
733 2670 842 2735 ἔννοιαν
852 2720 864 2756 ,
892 2686 1047 2759 tunquam
1075 2667 1114 2735 ed
1134 2692 1192 2757 ge·

257 2808 345 2868 nus,
382 2785 535 2866 refertur,
574 2802 670 2875 utque
708 2786 751 2852 ita
787 2784 943 2851 definitur
971 2786 1192 2871 aDiogene

258 2914 426 2982 Laertio
447 2912 510 3001 (¹):
531 2898 606 2985 ’Έςι
633 2904 684 2981 (λ’νῆ
710 2909 867 3001 προληψις,
893 2913 986 2976 ἔννοια
1011 2912 1115 3001 φυσικὴ
1134 2914 1191 2976 τῶν

256 3038 405 3125 καθολου,
447 3035 595 3104 naturalis
636 3034 839 3123 intelligentie
870 3060 979 3104 eorum
1010 3061 1092 3129 quae
1112 3038 1188 3102 uni·

256 3163 413 3233 versaliter
443 3177 542 3245 sunt3
577 3176 609 3225 et
641 3157 699 3224 alio
739 3160 866 3225 nomine
898 3160 1039 3251 προληψις
1062 3175 1190 3226 vocatur

256 3290 336 3360 κοινὴ
367 3290 486 3371 ἔννοια,
512 3284 686 3352 eommunis
708 3283 931 3370 intelligentiu3
970 3308 1045 3350 nam
1067 3301 1186 3351 statue-

255 3408 355 3488 bant,
392 3406 425 3470 in
457 3401 506 3467 his
537 3399 668 3491 quidem
701 3401 880 3472 notionibus
915 3424 1022 3468 omues
1045 3399 1188 3468 homines

259 3521 444 3589 consentire.

301 3644 452 3732 Sequitur
475 3655 520 3707 ut
551 3634 629 3707 ‘ratio
661 3641 894 3725 constituetur,
934 3666 996 3733 que
1029 3644 1184 3733 φαντασίαις

253 3784 338 3830 veras
363 3785 380 3824 u
412 3755 494 3823 falsis
515 3754 761 3844 distinguamus,
794 3757 849 3824 hus
867 3757 1095 3846 repudiemus,
1125 3760 1184 3828 illis

251 3918 378 3939 μ

285 4006 315 4072 ν)
334 4007 387 4071 vu,
406 4004 425 4071 ο
442 4004 485 4059 u.
592 3957 594 3961 ¹
