2756 4830
605 408 670 476 319

173 615 238 659 esse
261 593 388 660 uixisset
420 592 479 684 (¹),
503 595 537 660 in
561 591 764 660 diversissima
791 612 939 683 quaeque
960 589 1108 655 abierunt

136 742 138 747 ι
176 712 244 797 ejus
268 708 426 803 discipuli.

220 835 428 921 Hegesias,
452 835 546 923 vulgo
570 834 768 909 πεισιθάνατος
782 831 823 922 (²)
845 829 964 913 dictus,
983 828 1104 895 librum

175 964 301 1054 scripsit
321 963 528 1052 ἀποκαρτερῶν
550 963 698 1050 dictum,
722 966 757 1030 in
787 988 874 1053 quo,
890 978 967 1028 teste
990 961 1107 1026 Cice-

175 1077 349 1170 rone·(³),
373 1080 452 1146 vitae
476 1103 664 1149 enumerans
684 1077 908 1162 incommoda,
943 1075 1109 1168 respondit

176 1197 282 1262 amicis
316 1196 453 1265 amicum
486 1222 546 1287 per
577 1197 714 1264 inediam
750 1223 767 1263 a
798 1198 861 1262 vita
892 1191 1110 1261 discedentem

177 1313 419 1399 reuocantibus,
458 1329 608 1406 tantaque
633 1313 811 1404 eloquentia
844 1311 922 1378 mala
951 1313 1030 1378 vitae
1051 1335 1109 1375 re-

176 1429 386 1519 praesentavit
425 1445 463 1495 ut
502 1429 615 1497 multos
647 1429 688 1496 ad
725 1446 859 1496 mortem
893 1425 1108 1520 oppetendam

177 1545 347 1629 excitaret3
374 1547 579 1634 quamobrem
600 1573 616 1611 a
637 1546 861 1613 Ptolemaeo
885 1569 957 1632 rege
979 1545 1108 1610 ulterius
1158 1618 1161 1622 A

178 1663 213 1726 in
235 1660 348 1728 scholis
368 1660 418 1726 illa
443 1660 547 1729 dicere
573 1663 752 1754 prohibitus
778 1687 840 1728 esse
863 1661 993 1730 dicitur.

223 1775 464 1844 Theodorus
487 1797 598 1846 contra
621 1780 731 1845 atheus
751 1781 883 1871 sapienti
910 1804 1107 1869 numquam,

178 1917 221 1961 ne
254 1917 315 1984 pro
347 1895 446 1982 patria
477 1895 631 1985 quidem,
666 1913 910 1964 consentaneum
935 1920 997 1962 esse
1027 1920 1108 1962 cen-

179 2013 267 2077 sebat
300 2035 318 2076 e
353 2013 417 2078 vita
449 2011 560 2079 cedere
591 2012 654 2104 (⁸),
689 2016 779 2101 cujus
812 2014 983 2079 sententiae
1012 2014 1111 2078 ratio·

179 2161 254 2202 nem
278 2137 470 2206 novimuse
495 2137 669 2206 Stobaeo
694 2138 756 2229 (ἢκ
791 2135 943 2229 Θεόδωρος
968 2136 1021 2225 μὲν
1053 2138 1114 2227 γὰρ

181 2262 197 2327 ὁ
223 2263 385 2352 Κυρηναῖος
409 2260 449 2352 (⁶)
472 2258 610 2352 οὐδεμίαν
637 2265 737 2335 ἱκανὴν
768 2267 910 2354 πρόφασιν
935 2261 1115 2353 ἔρασκενεί-

182 2410 229 2452 ναι
260 2391 301 2474 τῷ
333 2392 412 2477 σορῷ
439 2384 508 2477 πρὸς
531 2391 582 2459 τὴν
609 2395 658 2454 τοῦ
681 2387 747 2475 βίον
776 2388 946 2454 καταῢινσιν.
999 2386 1061 2453 Καὶ
1084 2389 1116 2453 τό

182 2536 214 2578 τε
244 2510 398 2577 ἀκόλουθον
424 2515 510 2586 οὕτως
540 2511 627 2603 ἑώρα.
657 2513 688 2581 τὸ
715 2515 774 2604 γὰρ
802 2519 1031 2603 καταφρονοῦντα
1059 2519 1117 2578 τῶν

183 2638 367 2729 ἀνθρωπείων
407 2628 631 2727 σνμπτωριοίτων
662 2640 782 2714 αἰπωςόν
815 2633 863 2705 ὑπ’
892 2639 987 2704 αὐτῶν
1014 2640 1045 2703 ἐκ
1070 2646 1120 2706 τοῦ

185 2763 250 2850 βίον
273 2762 443 2852 γίγνεσθαι,
470 2769 532 2839 πῶς
561 2764 617 2852 οὐχ
647 2764 812 2830 ὑπεναντίον
839 2770 879 2853 τῷ
907 2767 991 2853 μόνον
1017 2765 1069 2853 μὲν
1088 2765 1121 2831 τὸ

185 2887 274 2953 καλὸν
300 2888 434 2976 ἀγαθόν,
474 2892 559 2977 μόνον
582 2886 617 2954 δὲ
638 2890 761 2981 αἰσχρὸν
792 2890 824 2954 τὸ
860 2890 947 2954 κακὸν
976 2891 1097 2980 εἰρηκότι
1109 2917 1120 2978 3

187 3008 337 3073 Ceterum
370 3003 606 3073 Theodorus
628 3031 667 3072 ex
692 3008 853 3073 communi
875 3009 1122 3095 Cyrenaicorum
1216 3076 1223 3085 ,

188 3124 361 3205 sententia,
386 3147 482 3214 quam
503 3139 610 3216 postca
632 3124 853 3214 Epicurus
872 3146 1009 3213 ‚quoqne
1028 3147 1120 3189 secu-

190 3257 240 3306 tus
259 3257 325 3325 est,
347 3255 482 3305 mortem
506 3256 657 3331 tanquam
677 3257 841 3305 aeternum
868 3238 947 3304 nihil
966 3240 1122 3307 sentiendi

182 3422 307 3439 —

224 3513 252 3579 (¹)
271 3519 303 3569 n.
332 3519 362 3569 n.
391 3519 424 3580 11,
455 3516 473 3582 a
499 3517 543 3570 aa.
581 3516 607 3582 (Ξ)
627 3520 658 3569 n.
677 3519 707 3570 a.
726 3519 758 3580 11,
778 3517 796 3581 o
814 3516 857 3569 ss.
895 3515 922 3581 (³)
942 3519 1020 3569 ruse.
1039 3520 1059 3580 1,
1079 3519 1125 3571 aa.

191 3611 239 3666 Cff.
268 3611 335 3665 Val.
366 3615 446 3666 Max.
477 3615 543 3676 vlu,
571 3613 597 3675 9,
626 3614 651 3672 3,
680 3619 705 3663 et
730 3615 761 3665 G.
781 3616 804 3667 J.
824 3610 985 3676 Vossius,
1005 3613 1038 3664 <lc
1056 3613 1126 3666 Itist.

190 3710 280 3760 Graec.
311 3705 369 3761 Lib.
395 3712 417 3769 1,
442 3723 469 3775 p.
494 3710 537 3761 81.
568 3706 684 3759 Similem
711 3707 804 3758 mortis
822 3707 998 3759 laudationem
1021 3709 1128 3778 scripsit

191 3801 405 3865 Alcidamas,
435 3802 532 3855 nobilis
562 3803 649 3855 rhetor
680 3802 824 3868 antiquus,
853 3812 919 3856 toste
946 3804 1127 3873 Cicerone,-

192 3901 271 3952 rusa.
295 3904 316 3961 1,
339 3900 383 3954 ts.
422 3898 448 3965 (¹⁶)
467 3904 499 3952 D.
518 3904 548 3953 L.
567 3904 600 3962 11,
619 3902 638 3966 §
656 3902 699 3953 98.
737 3899 764 3964 (⁵)
784 3901 853 3952 Flor.
878 3898 931 3955 Tit.
951 3903 1011 3963 119,
1031 3906 1064 3955 16
1082 3904 1129 3960 τὰ.

191 3992 296 4050 Gaisf.
334 3995 362 4062 (⁶)
381 4000 420 4049 lta
434 3995 579 4064 legendum
597 3995 701 4051 vidntur
722 4010 770 4064 pra
787 3996 859 4064 vua.
877 4005 1033 4077 Κοθηραῖος.
1104 4064 1106 4067 ,
