2756 4830
682 373 746 439 306

256 581 364 635 narrat
395 566 609 656 Eunapius
629 568 665 633 in
687 569 749 636 vita
768 565 990 659 Porphyrii
1014 562 1082 656 (ἢν
1110 563 1188 627 Συν-

257 693 349 768 τείνας
374 687 409 757 δὲ
434 690 481 757 εἰτὶ
509 689 677 779 Λιλύβαιον
700 691 815 780 ἑαυτόν,
844 731 887 750 ι-
912 696 1002 758 ἔκειτο
1026 689 1195 766 καταςέυων

259 816 310 886 καὶ
337 819 570 909 ἀποκαρτερῶν,
607 824 712 910 τροφήν
739 842 769 883 τε
794 817 826 883 οὐ
852 818 1035 908 προσιέμενος
1059 813 1109 880 καὶ
1135 814 1197 878 ἀν-

261 944 384 1034 θρώπων
419 942 553 1009 ἀλεείνων
583 948 687 1010 πάτον.
738 936 814 1010 Οὐδ’
842 941 1040 1016 ἀλαοσκοπέην
1066 940 1081 1004 ὁ
1106 938 1197 1027 μέγας

262 1070 329 1157 εἶχε
354 1068 502 1142 Πλωτῖνος
527 1067 575 1135 ἐπὶ
601 1070 728 1156 τούτοις,
760 1067 841 1133 ἀλλά
866 1070 943 1134 κατά
969 1063 1063 1140 πόδας
1088 1063 1199 1151 έπόμε-
1227 1126 1237 1133 ,

264 1217 323 1282 νος,
350 1195 369 1265 ii
394 1192 442 1259 τὸν
457 1197 690 1284 καταπεφευγότα
706 1194 850 1260 νεανίσκον
868 1198 986 1279 ζητῶν,
1009 1192 1207 1278 ε’πιτυγχάνειι

264 1319 407 1408 κειμένῳ,
434 1316 483 1383 καὶ
509 1318 603 1408 λόγων
627 1344 657 1385 τε
682 1318 752 1410 πρὸς
778 1318 861 1384 αὐτὸν
874 1318 1017 1409 ηὐπόρησε
1031 1319 1083 1387 τ’κυ
1102 1314 1202 1403 ψυχὴν

235 1448 246 1465 ”
265 1443 505 1534 ἀνακαλουμένων
531 1449 597 1537 ἄρτι
624 1442 795 1510 ἀιΐπτασθαι
812 1447 1006 1533 τοῦσώματος
1024 1440 1185 1531 μέλλουσαν
1189 1486 1202 1526 ,

268 1567 318 1636 καὶ
344 1570 376 1637 τὸ
402 1576 489 1658 σῶμα
514 1568 635 1660 ἔρρωσεν
661 1570 688 1645 ές
714 1576 845 1657 κατοχνῖν
869 1580 919 1644 τῆς
943 1570 1055 1658 ψυχῆς.
1099 1562 1163 1632 Καὶ
1189 1564 1205 1629 ὁ

269 1694 323 1786 μὲν
356 1688 546 1787 (Πορφύριος)
580 1699 703 1783 ἔμπνους
737 1722 767 1762 τε
792 1692 827 1766 ἦν
852 1692 901 1760 καὶ
928 1689 1082 1768 ιλιανίςατο
1094 1742 1105 1778 ,
1130 1691 1146 1755 ὁ
1170 1686 1206 1754 δὲ

271 1815 445 1909 (Πλωτένος)
478 1819 542 1895 τοὺς
577 1820 711 1910 ῥηθέντας
746 1819 845 1910 λόγους
870 1821 908 1895 εἰς
935 1817 1052 1906 βιβλίον
1076 1817 1209 1884 κατέθετο

272 1951 331 2031 τῶν
356 1948 565 2037 γεγραμμένων
591 1941 645 2032 i)

320 2063 563 2157 Neo-platonici
588 2063 705 2150 igitur,
737 2079 774 2128 ut
794 2088 832 2129 ex
853 2061 903 2126 his
928 2084 1008 2152 quae
1030 2061 1210 2126 monuimus

275 2196 426 2272 apparet,
452 2179 700 2268 Pythagorae
723 2196 754 2245 et
776 2178 958 2245 Platonis
982 2177 1209 2243 demortero-

276 2296 411 2364 luntaria
432 2297 620 2360 sententiam
641 2297 759 2380 secuti,
782 2298 922 2361 animum
944 2295 1128 2387 expiationis
1153 2292 1209 2358 lu-

273 2446 397 2462 ψ-

315 2497 343 2564 (¹)
363 2500 438 2550 Tom.
453 2499 474 2563 1,
493 2511 520 2563 p.
541 2491 1215 2563 tetted.130iss.etwyttmirumrabrici-

281 2609 344 2659 um,
357 2591 403 2660 qui
414 2593 454 2646 Ι.Ι.
470 2590 614 2661 Eunapii
625 2592 713 2644 locum
725 2592 806 2659 citat,
824 2592 891 2649 nihii
900 2609 1005 2646 monere
1019 2592 1051 2645 de
1063 2590 1214 2645 diversitate

282 2676 450 2744 narrationisss
487 2689 514 2754 (²)
531 2687 714 2740 Fabricius
730 2689 786 2752 l.l.,
803 2687 830 2741 in
842 2688 912 2741 notis
924 2690 957 2742 ad
967 2690 994 2744 h.
1006 2690 1044 2754 1.,
1057 2694 1133 2757 putat
1145 2688 1215 2739 huno

278 2785 378 2839 librum
395 2783 480 2838 fuisse
498 2783 598 2836 librum
613 2784 646 2836 de
661 2785 840 2850 Providentia,
857 2802 936 2852 quom
948 2786 982 2838 ad
993 2784 1216 2854 Porphyrium

208 2861 212 2873 Ι
282 2882 311 2935 iu
339 2880 493 2937 Siciliam
521 2879 595 2934 misit
614 2882 739 2947 (Ennead.
757 2887 802 2947 111,
819 2881 867 2939 lib.
885 2882 934 2949 11);
959 2899 1049 2937 vereor
1069 2891 1157 2935 tamon
1183 2897 1218 2933 ua

282 2980 332 3033 hoo
350 2993 443 3033 rerum
460 2977 510 3041 sit;
530 2974 594 3028 mihi
612 2976 720 3044 quidem
734 2977 853 3045 ridetur,
873 2979 896 3032 si
909 2979 1038 3048 judicium
1054 2980 1218 3048 interponere

282 3077 376 3140 liceat,
388 3073 473 3126 fuisse
489 3072 588 3126 tibrum
606 3074 638 3126 da
650 3074 816 3145 Beatitupine
828 3077 952 3141 (Eunead.
964 3082 986 3143 Ι,
1002 3076 1061 3132 Lib.
1073 3078 1127 3141 lt),
1139 3091 1218 3142 quam

285 3172 351 3225 itam
378 3169 411 3222 ad
436 3168 664 3238 Porphyrium
688 3170 717 3222 in
748 3170 901 3225 Siciliam
922 3172 1016 3238 misit,
1047 3180 1077 3224 ut
1097 3180 1169 3242 patet
1189 3187 1220 3223 ex

288 3268 347 3335 ojus
373 3263 426 3318 vita
444 3280 460 3317 a
481 3265 669 3334 Porphyrio
688 3266 833 3334 descripta,
853 3284 876 3323 c.
895 3271 921 3334 6,
942 3270 1046 3333 (Fabr.
1064 3274 1093 3322 B.
1113 3273 1157 3323 Gr.
1176 3272 1219 3333 IV,

287 3378 312 3418 ο.
339 3363 383 3426 26,
409 3377 437 3430 p.
465 3363 544 3426 10³);
572 3363 649 3429 cujus
678 3361 777 3415 scilicet
794 3363 855 3416 libri
881 3374 1075 3435 argumentum¹
1095 3382 1125 3418 eo
1154 3365 1222 3417 valet

288 3467 319 3511 ut
347 3457 523 3512 haesitantem
552 3458 586 3510 ad
613 3457 797 3511 fortitudinem
824 3468 850 3513 et
876 3461 1030 3530 patientiam
1058 3461 1087 3513 in
1115 3459 1224 3514 calami-

289 3554 390 3610 tatibus
418 3553 536 3608 ferendis
565 3553 680 3620 excitet,
710 3556 885 3609 voluntariam
914 3567 1003 3611 autern
1028 3566 1139 3610 mortem
1166 3555 1224 3608 ‹lis-

289 3663 408 3717 suadeat.
444 3668 623 3719 Veruntamen
640 3680 694 3717 non
711 3663 795 3718 fuisse
813 3665 910 3718 librum
933 3661 993 3737 περὶ
1025 3661 1134 3736 ιὺλόγου
1165 3660 1193 3727 ἐξ
1211 3689 1226 3703 -

289 3773 380 3843 ‘topic
398 3772 502 3826 nullum
526 3773 639 3828 dubium
657 3783 712 3838 est,
732 3773 830 3844 quippo
846 3775 901 3842 jam
919 3790 934 3828 a
951 3772 1091 3827 Plotino
1109 3771 1226 3826 conscri-

292 3877 369 3937 ptum
395 3877 551 3939 anteaquam
568 3871 793 3942 Porphyrium
809 3879 937 3935 novarat,
956 3879 1024 3925 teste
1041 3867 1227 3940 Porphyrio

294 3967 323 4019 iu
342 3968 399 4034 ejus
417 3967 487 4033 vita,
507 3984 530 4023 ο.
548 3970 576 4024 Ι.
