2798 4836
188 675 253 725 tem
274 681 391 748 corpus
411 683 475 727 esse
501 657 662 741 dixerint,
694 657 936 746 intelligendum
960 681 997 722 ex
1017 676 1127 725 eorum

186 775 336 867 physion
377 772 466 869 qnod
496 772 666 845 discrimen
689 777 723 840 i'n
745 799 782 841 eo
804 775 871 839 fere
894 774 1032 866 positum
1056 789 1124 854 est,

187 909 224 955 ut
246 893 356 958 veritos
374 894 414 957 sit
434 894 501 985 ipre
523 892 668 979 cogitatio
686 892 769 976 veri3
796 882 907 957 reium
926 906 1029 956 autem
1042 914 1125 958 con-

188 998 357 1081 venierttia'
375 1015 565 1103 cogitationis
588 1041 663 1082 cum
683 1039 736 1098 re,
760 1030 792 1081 et
814 1012 913 1080 λεκτὸν
939 1034 994 1080 seu
1016 1036 1125 1078 enun-

189 1130 308 1212 cirtio,
354 1132 427 1221 quie
462 1155 556 1200 omne
587 1155 699 1198 verum
732 1129 870 1218 logicum
908 1130 1126 1197 enunciatione

190 1248 385 1314 continetur.
442 1245 610 1315 individue
643 1248 738 1336 igitur
767 1263 891 1314 tantum
919 1247 1074 1314 exsistunt
1095 1261 1129 1312 et

189 1387 259 1435 rere
282 1359 618 1452 dicunturrgenera,
641 1364 777 1449 formae,
808 1381 840 1431 et
862 1365 994 1432 omnino
1017 1364 1124 1431 notio·

189 1503 241 1546 nes
265 1482 438 1546 ubstrnctee
457 1496 490 1546 et
517 1479 700 1547 universales
723 1503 789 1547 non
814 1482 987 1562 exsistunt,
1017 1503 1124 1569 neque

188 1594 228 1660 ad
259 1620 309 1661 res
337 1621 421 1662 veras
456 1595 658 1678 referuntur,
690 1593 744 1661 sed
777 1592 817 1660 ad
848 1619 915 1678 eas,
940 1617 1020 1685 quae
1043 1619 1121 1685 par·

189 1713 246 1777 tim
281 1737 396 1798 verae,
433 1714 547 1805 pertim
581 1711 672 1806 falsae
708 1729 793 1779 sunt.
861 1714 932 1781 Jeut
963 1713 989 1779 si
1023 1735 1126 1803 quee-

189 1836 346 1918 oebetur,
377 1860 417 1902 en
439 1853 517 1903 esset
540 1835 704 1927 quoddam
726 1841 897 1926 κριτήριον,
924 1858 990 1929 quo
1016 1858 1127 1905 verum

124 1972 129 1981 ·
188 1951 303 2054 anclso
325 1951 590 2041 distingueretur,
613 1950 676 2021 hoc
699 1970 730 2019 et
755 1977 822 2019 esse
845 1954 1064 2036 affirmabant,
1094 1968 1127 2021 et

188 2081 324 2167 posituim
359 2101 423 2144 esse
444 2074 594 2145 dicebant
620 2078 655 2143 in
680 2078 844 2169 ἐναργείᾳ,
877 2074 1033 2143 evidentia
1070 2096 1125 2140 seu
1180 2065 1193 2081 ”

187 2215 420 2305 perspicuitate.
459 2214 564 2304 Ipsum
590 2233 663 2276 vero
683 2204 831 2294 ἔναργείαν
855 2204 890 2268 in
902 2199 964 2269 sola
980 2199 1125 2291 φαντασίᾳ

186 2337 358 2428 καταληπτῇ
379 2363 433 2405 seu
457 2341 522 2406 viso
544 2330 819 2430 comprehensibili
846 2353 908 2395 csse
921 2328 1121 2396 statuebantr
1166 2326 1169 2332 ’

111 2535 115 2543 ¹
188 2457 387 2520 Zenonem
422 2455 463 2517 ait
500 2454 643 2522 Cicero
678 2454 720 2542 (¹)
761 2453 946 2526 καταληπτὸν
969 2454 1012 2520 ita
1031 2451 1120 2518 defi-

185 2579 322 2662 nivisse,
340 2595 377 2644 ut
395 2582 435 2645 sit
456 2582 593 2662 „visum
619 2573 789 2669 (φαντασίαι)
823 2583 1033 2672 impressum,
1067 2579 1119 2645 cf-

185 2694 365 2786 fietumque
399 2720 438 2762 ex
471 2720 529 2772 eo,
565 2695 653 2763 unde
683 2715 787 2782 esset,
822 2697 914 2788 quale
945 2721 1010 2763 esse
1052 2721 1120 2764 non

187 2830 309 2900 posset,
334 2836 373 2877 ex
394 2837 448 2893 eo,
472 2811 558 2878 unde
582 2838 647 2880 non
669 2818 795 2896 esset;''
818 2832 851 2881 et
872 2814 931 2883 alio
951 2815 1020 2883 loco
1052 2798 1118 2904 (ἢν

187 2979 208 3010 ,,
224 2931 356 3010 Visum,
395 2927 483 3021 quod
522 2932 643 3022 percipi
665 2947 794 3021 posset,
817 2966 864 2982 -··
884 2956 922 2997 ex
947 2956 1004 3015 eo,
1025 2931 1120 3021 ,quod

185 3062 284 3124 esset,
317 3046 398 3112 sicut
429 3062 507 3111 esset
539 3048 753 3134 impressum,
788 3061 820 3111 et
849 3048 1039 3132 signatum,
1084 3065 1118 3111 et

184 3162 361 3230 effictum.''
407 3148 489 3228 Huc‘
511 3156 643 3251 quoque
675 3147 860 3227 referendus
898 3161 974 3231 alius
1001 3165 1117 3231 Cice·

183 3282 290 3346 ronis
313 3278 354 3368 (⁸)
377 3278 462 3346 loeus
484 3277 524 3343 de
548 3277 660 3345 eodem
684 3269 855 3346 Zenone.
878 3280 953 3346 Esse
975 3297 1115 3347 vereta-

155 3384 158 3389 v
182 3405 245 3470 lem
266 3401 477 3487 evidentiam,
509 3390 567 3469 tale
589 3408 749 3495 κριτήριον,
777 3428 843 3496 quo
864 3428 974 3473 verum
997 3432 1015 3471 a
1040 3402 1115 3472 saiso

181 3519 424 3605 distingueretur
443 3536 474 3585 et
486 3521 546 3585 visa
559 3519 926 3612 comprehenderentur,
950 3524 1012 3590 hoc
1022 3547 1115 3590 acer.-

183 3638 261 3703 rime
293 3637 464 3702 tuebuntur
485 3652 517 3701 et
540 3640 787 3728 propugnabant
805 3655 913 3706 contra
940 3639 1114 3705 Academi-

83 3764 86 3767 “
183 3777 235 3820 ooe
266 3769 299 3818 et
320 3752 506 3844 Scepticos‚
529 3754 620 3838 cujus
642 3754 677 3817 in
701 3769 868 3845 utrumque
895 3753 1109 3845 partemdis·

219 3998 246 4090 (ἰ)
266 4027 345 4082 inu.
364 4032 396 4093 ιι,
416 4029 441 4080 τ».
481 4028 508 4093 (2)
527 4028 564 4082 n.
584 4042 606 4080 ι.
626 4027 668 4081 rt.
707 4027 736 4093 (ν)
755 4028 834 4082 near.
854 4033 873 4091 ι,
894 4030 936 4083 12.

980 4128 1001 4193 2
