2756 4830
621 480 686 551 stt

179 683 237 731 -mo
254 664 388 748 haustu,
411 663 528 733 illibato
552 689 703 754 corpore,
726 681 852 737 etcum
874 679 940 734 toto
960 665 1113 752 sanguine

177 778 464 867 exstingueremur‚
490 757 583 848 nullo·
594 781 719 862 labore,
744 782 918 848 sitientibus
929 781 1041 848 similes
1054 780 1107 870 (¹).

177 896 347 979 Plinius,
370 899 446 986 qui,
471 913 507 963 ut
527 921 566 963 ex
588 896 661 965 locis
685 921 766 989 quae
790 897 953 964 retulimus
963 914 1105 990 apparet,

177 1013 211 1077 iu
233 1013 342 1101 primis
363 1012 491 1105 physica
514 1015 634 1080 ratione
655 1011 696 1078 de
716 1029 816 1079 morte
840 1011 1013 1081 voluntaria
1033 1012 1106 1079 dis-

176 1131 294 1208 seruit,
329 1131 513 1219 asperrimos
545 1129 701 1196 cruciatus
723 1126 913 1195 calculorum
942 1154 959 1194 e
988 1130 1105 1197 vesicae

174 1243 351 1324 stillicidio,
386 1245 537 1313 stomachi
561 1260 722 1311 eteorum
745 1268 826 1337 quae
855 1244 1012 1337 incapite
1037 1244 1102 1313 do-

173 1358 275 1442 leant,
298 1359 373 1426 solas
393 1361 458 1427 lere
479 1359 631 1427 naturales
653 1361 762 1427 mortis
781 1361 841 1426 sihi
863 1359 1101 1429 consciscendae

173 1498 291 1542 caussas
319 1499 382 1542 esse
412 1475 521 1544 docuit
554 1477 607 1567 (²)
652 1477 821 1543 Beatissimi
852 1478 880 1544 ei
909 1476 1097 1544 videbantur

171 1590 291 1658 incolae
320 1594 475 1659 montium
511 1593 804 1685 Hyperboreorum,
843 1592 923 1682 qui,
956 1592 1096 1685 epulati,

171 1694 314 1776 delibuto
342 1709 430 1775 senio
452 1708 551 1793 luxu,
583 1732 601 1775 e
633 1708 712 1776 vitae
739 1709 875 1775 satietate
904 1732 923 1776 e
953 1734 1033 1802 rupe
1064 1711 1099 1777 in

168 1810 302 1890 maresc
327 1825 568 1915 praecipitarent
588 1823 641 1913 ().

170 1972 176 1979 ·
209 1939 359 2006 Plinius
377 1942 503 2007 Minor
515 1938 680 2026 avunculi,
692 1941 790 2030 patris
805 1938 954 2032 adoptivi,
968 1941 1090 2029 vestigia

164 2071 288 2122 secutus
317 2058 366 2123 sui
396 2057 493 2146 ipsius
520 2080 647 2136 necem,⁴
681 2058 737 2123 ubi
755 2060 859 2146 justae
885 2081 1005 2125 caussae
1032 2056 1095 2124 ad-

162 2188 253 2256 sunt,
278 2175 410 2239 maxime
431 2174 578 2264 probasse
597 2172 744 2242 videtur:
781 2175 931 2265 „impetu
951 2171 1091 2263 quodam

162 2306 196 2356 et
224 2291 403 2358 instinctu''
415 2340 426 2375 ‚
460 2292 589 2381 inquit,
618 2314 649 2374 ¹„
664 2306 853 2387 procurrens
871 2288 1091 2370 admoneam,

165 2430 333 2474 commone
368 2430 442 2474 cum
466 2406 594 2474 multis:
628 2405 803 2473 deliberare
825 2429 899 2473 vero
922 2422 954 2471 et
971 2384 1094 2473 'caussas

163 2528 232 2611 ejus
265 2521 466 2613 expendere,
498 2540 599 2613 utque
623 2524 750 2590 suaserit
775 2524 875 2604 ratio,
899 2523 977 2588 vitae
1001 2547 1091 2589 mor-

161 2640 266 2729 tisque
307 2638 470 2706 consilium
491 2640 648 2728 suscipere
667 2636 715 2704 vel
734 2661 869 2728 ponere,
894 2638 1028 2724 ingentis
1046 2652 1110 2705 est

161 2756 259 2821 animi
280 2753 360 2842 (⁴)”.
405 2753 572 2823 Plinium
594 2757 742 2821 morbum
760 2753 961 2821 insanabilem
971 2756 1090 2843 justam

159 2894 178 2938 e
210 2872 270 2939 vita
291 2868 462 2938 recedendi
482 2894 617 2938 caussam
640 2871 805 2955 habuisse,
837 2890 990 2963 apparet,
1016 2886 1091 2939 ctam

159 3010 198 3053 ex
227 2987 298 3074 ejus
335 2984 488 3051 sen'tentia
516 2984 558 3051 de
582 3003 683 3052 morte
709 2986 798 3055 Silii
818 2987 938 3071 italici,
973 3013 1088 3080 quem,

159 3128 261 3194 quum
293 3118 385 3168 natus
405 3103 434 3168 ei
455 3118 532 3168 esset
553 3101 731 3168 insanabilis
751 3101 872 3188 clavus,
903 3103 1000 3190 liujus
1019 3120 1088 3170 tae·

158 3218 215 3285 dio
235 3218 426 3287 irrevocabili
449 3220 626 3293 constantia.
640 3217 744 3287 inedia
761 3217 803 3287 ad
823 3237 956 3287 mortem
976 3219 1088 3287 <iecur-

156 3337 233 3403 risse
262 3333 358 3401 tradit
381 3334 446 3424 (³),
482 3351 551 3403 tum
570 3359 646 3403 reso
668 3336 802 3403 maxime
828 3360 867 3402 ex
883 3340 949 3424 ejus
964 3336 1087 3424 judicio

47 3538 50 3545 ι
155 3450 200 3519 de
219 3437 321 3519 mort'e
339 3449 512 3519 voluntaria
536 3450 705 3519 Corellii
725 3452 838 3536 Rufi,
857 3454 967 3545 optimi
992 3454 1084 3520 amici

154 3558 299 3659 vitaeque
331 3567 460 3635 rectoris
494 3560 556 3659 (⁶):
594 3568 679 3652 „Est
705 3566 966 3636 luctuosissimum
987 3592 1084 3656 genus

154 3666 282 3771 mortis,
306 3708 386 3776 quae
397 3672 462 3753 nou
474 3672 635 3753 ex'natura
647 3708 707 3751 nec
717 3683 813 3753 fatalis
825 3682 960 3754 videtur.
1002 3686 1086 3756 Nam

152 3867 277 3890 ι--ι
373 3876 378 3885 r
469 3872 473 3879 ·
541 3868 565 3884 a»

185 3957 217 4025 (¹)
235 3963 267 4025 ιι,
294 3960 338 4017 aa.
373 3960 401 4030 a)
420 3958 496 4026 xxv,
525 3964 553 4015 7.
589 3954 618 4029 (θ)
634 3948 685 4027 lv,
706 3952 750 4015 ts.
779 3948 815 4027 ’ω
834 3963 901 4030 app.
927 3963 949 4028 1,
978 3960 1021 4015 aa.
1039 3957 1081 4016 cr.

152 4069 233 4126 supra
250 4070 278 4126 p.
294 4057 355 4113 240.
378 4044 424 4126 ’(3)
439 4058 504 4128 Epp'.
522 4052 625 4124 111,‘7.‘'
647 4049 860 4128 (⁶l¹'ltpp.''1,'l2.
