2798 4836
707 440 750 507 20

261 644 333 685 rum
365 623 456 687 etiam
486 621 554 703 illa,
581 646 670 717 ,quae
701 625 878 692 iunctione
905 642 1063 708 versatam,
1100 640 1195 716 atque

259 735 337 802 adeo
366 739 495 803 virtutes
526 763 646 807 omnes.
693 741 762 807 Hoc
783 759 830 806 est
853 740 942 833 quod
964 744 1109 810 Cicero
1135 742 1194 808 sub

259 850 400 939 ejusdem
422 854 582 922 Luculli
607 879 739 948 persona
758 858 859 949 capite
878 860 1024 947 sequenti
1051 850 1195 950 expe'uit.

260 968 307 1034 At
337 976 410 1035 vero
441 969 621 1044 Academici
654 997 720 1039 nou
754 971 944 1039 desistebant
977 976 1082 1055 acrius
1104 975 1197 1040 etiam

260 1109 387 1172 urgere,
408 1088 447 1152 ab
473 1090 664 1181 experientia
684 1090 718 1155 iu
741 1090 850 1178 primis
870 1108 1052 1177 argumenta
1077 1107 1195 1179 peten-

261 1219 316 1268 tes.
363 1203 608 1271 Contendebant
631 1207 745 1292 igitur,
770 1182 834 1272 non
858 1208 1006 1294 possein
1026 1206 1197 1272 humanam

262 1335 403 1387 mentem
436 1319 576 1397 incidere
608 1321 667 1388 tale
698 1322 822 1405 visum,
874 1322 966 1412 quale
998 1347 1064 1388 nnn
1094 1336 1198 1411 posset

261 1438 300 1500 ab
332 1435 386 1502 alia
419 1462 477 1520 νος
512 1462 617 1527 neque
652 1436 730 1504 adeo
759 1462 823 1503 esse
849 1462 938 1518 eam,
975 1464 1071 1530 quam
1100 1434 1197 1505 Stoici

242 1552 395 1629 uellent,
429 1553 631 1620 evidentiam.
687 1554 792 1620 Veluti
830 1579 911 1645 quae
934 1557 1025 1621 nobis
1049 1557 1084 1620 in
1107 1579 1195 1621 som·

260 1694 304 1735 uo
338 1672 399 1735 visa
430 1673 649 1757 objiciuntur,
696 1695 766 1736 vera
800 1695 864 1736 esse
895 1688 1063 1763 putamus,
1097 1672 1197 1761 iisque

260 1784 370 1852 eodem
402 1784 498 1853 modo
528 1811 762 1853 commovemur
784 1813 819 1854 ae
841 1790 866 1852 si
885 1786 1083 1873 vigilantibus
1106 1788 1196 1853 nobis

258 1903 492 1993 objicerentur3
531 1902 616 1968 idem
648 1902 688 1966 lit
706 1905 740 1968 iu
763 1903 966 1969 delirantibus
999 1920 1031 1968 et
1056 1902 1194 1968 furenti-

261 2020 330 2083 bus.
375 2017 498 2084 Deinde
520 2018 717 2106 vigilantibns
739 2021 833 2085 ctiam
853 2022 943 2085 nobis
969 2043 1017 2084 res
1030 2044 1195 2084 nonnum·

261 2160 356 2226 quam
393 2160 426 2200 se
455 2135 593 2201 offerunt
614 2133 691 2217 adeo
712 2135 824 2201 similes
849 2152 880 2200 et
901 2135 1061 2226 aequales,
1093 2152 1129 2200 nt
1147 2157 1195 2199 eas

261 2251 349 2317 nullo
383 2268 476 2341 pacto
514 2251 707 2339 distinguere
740 2279 757 2316 a
787 2276 818 2317 se
853 2253 988 2319 invicem
1016 2253 1195 2344 possimus,

261 2368 354 2434 veluti
388 2371 505 2455 gemini
526 2368 656 2447 fratres,
691 2367 757 2434 duo
778 2393 852 2445 ova,
876 2393 914 2434 ex
939 2392 1077 2458 quorum
1098 2384 1192 2432 utro-

260 2509 326 2576 que
348 2483 456 2551 eadem
480 2488 597 2577 species
623 2488 720 2550 menti
740 2474 945 2576 imprimitur.
990 2487 1089 2550 Porro
1107 2480 1196 2573 quod

249 2605 322 2693 ’ipsi
353 2602 519 2668 hominum
545 2618 650 2668 sensus
674 2620 704 2668 et
725 2601 841 2695 judicia
864 2604 947 2667 inter
971 2625 1003 2666 se
1024 2626 1089 2667 non
1112 2624 1197 2668 con-⁴,

261 2721 419 2802 sentiant,
450 2718 514 2784 eliis
535 2717 619 2784 alind
643 2717 804 2800 videatur3
833 2715 865 2782 id
890 2742 954 2800 non
972 2714 1195 2782 solumdicen-

261 2835 339 2899 dum
372 2835 412 2900 de
444 2838 539 2901 rebus
567 2838 723 2926 corporeis
755 2851 786 2900 et
808 2859 901 2899 sensu
926 2835 1105 2927 perceptis,
1140 2829 1196 2896 sed

223 2950 227 2959 ’
262 2954 353 3017 etiam
379 2951 531 3018 derebus
553 2951 778 3017 universalibus
802 2967 833 3015 et
858 2952 1126 3042 acorporissensn
1141 2972 1196 3013 re-

263 3071 375 3150 motis,
398 3086 435 3133 ut
459 3071 493 3134 in
517 3067 700 3161 disciplinis.
747 3069 912 3157 Cujusque
946 3068 1038 3130 etiam
1061 3065 1197 3129 hominis

262 3209 388 3250 sensum
425 3203 457 3249 et
490 3187 642 3251 rationem
674 3184 794 3251 diversa
823 3201 950 3264 aetate,
996 3178 1194 3259 valetudine,

264 3299 465 3381 conditione,
499 3303 619 3366 varium
644 3325 727 3379 esse3
766 3316 802 3364 ut
827 3298 923 3379 adeo,
948 3295 1077 3389 quando
1102 3298 1195 3385 quis-

237 3422 240 3427 ⁴
263 3441 328 3507 que
351 3441 422 3482 vere
443 3418 553 3482 sentiat
577 3416 811 3508 percipiatque,
836 3418 903 3508 ipse
923 3439 1016 3481 nemo
1028 3415 1197 3504 qnisquam
1241 3427 1244 3433 '

259 3533 404 3621 judicare
426 3525 533 3627 possit.
566 3535 711 3622 Denique
734 3533 959 3623 sophismatum
982 3531 1097 3597 formas
1115 3554 1197 3621 pro-

263 3654 427 3740 ponebant
464 3650 599 3734 multas‚
642 3676 722 3744 quae
752 3654 890 3717 ‘omnino
927 3645 1096 3735 dijudicari
1130 3670 1197 3713 nou

262 3785 391 3866 possent
424 3784 533 3833 utrum
570 3793 657 3834 verae
690 3785 822 3849 essent,
858 3788 899 3831 an
929 3765 1021 3832 falsae
1046 3794 1057 3846 3
1101 3764 1197 3830 veluti

263 3888 452 3980 ψευδόμενον,
480 3894 705 3985 ἀντιςρέφοντα,
732 3896 951 3982 Electram,
978 3892 1195 3975 Achillem,

262 4029 441 4113 ignavam
464 4031 691 4110 Rationem,
716 4024 895 4113 κυριεύοντα,
916 4020 1069 4110 αὐξόμενον
1083 4019 1194 4105 λόγον,
