<?xml version="1.0" encoding="UTF-8"?>
<!DOCTYPE html PUBLIC "-//W3C//DTD XHTML 1.0 Transitional//EN"
    "http://www.w3.org/TR/xhtml1/DTD/xhtml1-transitional.dtd">
<html xmlns="http://www.w3.org/1999/xhtml" xml:lang="en" lang="en">
 <head>
  <title>
</title>
<meta http-equiv="Content-Type" content="text/html;charset=utf-8" />
  <meta name='ocr-system' content='tesseract 3.04.00' />
  <meta name='ocr-capabilities' content='ocr_page ocr_carea ocr_par ocr_line ocrx_word'/>
</head>
<body>
  <div class='ocr_page' id='page_1' title='image "./periteseulogoue00baumgoog/periteseulogoue00baumgoog_0314.png"; bbox 0 0 2756 4830; ppageno 0'>
   <div class='ocr_carea' id='block_1_1' title="bbox 599 463 684 534">
    <p class='ocr_par' dir='ltr' id='par_1_1' title="bbox 599 463 684 534">
     <span class='ocr_line' id='line_1_1' title="bbox 599 463 684 534; baseline 0.047 -5"><span class='ocrx_word' id='word_1_1' title='bbox 599 463 684 534; x_wconf 66' lang='lat' dir='ltr'>iol</span> 
     </span>
    </p>
   </div>
   <div class='ocr_carea' id='block_1_2' title="bbox 253 643 1023 933">
    <p class='ocr_par' dir='ltr' id='par_1_2' title="bbox 253 643 1023 933">
     <span class='ocr_line' id='line_1_2' title="bbox 262 643 931 729; baseline 0.013 -25"><span class='ocrx_word' id='word_1_2' title='bbox 262 675 297 691; x_wconf 86' lang='lat'>·-</span> <span class='ocrx_word' id='word_1_3' title='bbox 313 643 386 707; x_wconf 70' lang='lat' dir='ltr'>&#39;illu</span> <span class='ocrx_word' id='word_1_4' title='bbox 404 659 499 729; x_wconf 73' lang='grc' dir='ltr'>χοῖρε,</span> <span class='ocrx_word' id='word_1_5' title='bbox 520 653 699 729; x_wconf 73' lang='grc' dir='ltr'>Κλεόμβροτος</span> <span class='ocrx_word' id='word_1_6' title='bbox 718 654 738 706; x_wconf 80' lang='grc' dir='ltr'><strong>ὦ</strong></span> <span class='ocrx_word' id='word_1_7' title='bbox 758 646 931 727; x_wconf 75' lang='grc' dir='ltr'>’μβμοικοὼτος</span> 
     </span>
     <span class='ocr_line' id='line_1_3' title="bbox 296 748 871 837; baseline 0.003 -26"><span class='ocrx_word' id='word_1_8' title='bbox 296 748 385 812; x_wconf 68' lang='lat' dir='ltr'>‘ntes&#39;</span> <span class='ocrx_word' id='word_1_9' title='bbox 406 753 447 835; x_wconf 76' lang='grc' dir='ltr'>ἀφ’</span> <span class='ocrx_word' id='word_1_10' title='bbox 466 759 567 833; x_wconf 73' lang='grc' dir='ltr'>ὑψηλοῦ</span> <span class='ocrx_word' id='word_1_11' title='bbox 585 764 687 837; x_wconf 78' lang='grc' dir='ltr'>τείχεος</span> <span class='ocrx_word' id='word_1_12' title='bbox 704 762 740 824; x_wconf 76' lang='grc' dir='ltr'>εἰς</span> <span class='ocrx_word' id='word_1_13' title='bbox 758 755 871 825; x_wconf 75' lang='grc' dir='ltr'>Ἀΐδην,</span> 
     </span>
     <span class='ocr_line' id='line_1_4' title="bbox 253 853 1023 933; baseline 0.003 -16"><span class='ocrx_word' id='word_1_14' title='bbox 253 853 345 929; x_wconf 54' lang='lat' dir='ltr'>”Aison</span> <span class='ocrx_word' id='word_1_15' title='bbox 365 863 421 921; x_wconf 72' lang='grc' dir='ltr'>οὔτι</span> <span class='ocrx_word' id='word_1_16' title='bbox 438 868 527 922; x_wconf 82' lang='grc' dir='ltr'><em>παθὼν</em></span> <span class='ocrx_word' id='word_1_17' title='bbox 547 870 659 923; x_wconf 80' lang='grc' dir='ltr'>θανάτου</span> <span class='ocrx_word' id='word_1_18' title='bbox 678 867 777 933; x_wconf 76' lang='grc' dir='ltr'>κακὸν,</span> <span class='ocrx_word' id='word_1_19' title='bbox 798 863 868 920; x_wconf 81' lang='grc' dir='ltr'>ἀλλὰ</span> <span class='ocrx_word' id='word_1_20' title='bbox 886 863 1023 927; x_wconf 82' lang='grc' dir='ltr'>Πλάτωνος</span> 
     </span>
    </p>
   </div>
   <div class='ocr_carea' id='block_1_3' title="bbox 296 962 956 1051">
    <p class='ocr_par' dir='ltr' id='par_1_3' title="bbox 296 962 956 1051">
     <span class='ocr_line' id='line_1_5' title="bbox 296 962 956 1051; baseline 0.003 -24"><span class='ocrx_word' id='word_1_21' title='bbox 296 962 342 1027; x_wconf 76' lang='grc' dir='ltr'>Ἐν</span> <span class='ocrx_word' id='word_1_22' title='bbox 361 970 391 1028; x_wconf 75' lang='grc' dir='ltr'>τὸ</span> <span class='ocrx_word' id='word_1_23' title='bbox 409 974 468 1049; x_wconf 80' lang='grc' dir='ltr'><strong>περὶ</strong></span> <span class='ocrx_word' id='word_1_24' title='bbox 486 973 574 1051; x_wconf 64' lang='grc' dir='ltr'>ψυχῆς</span> <span class='ocrx_word' id='word_1_25' title='bbox 591 968 690 1049; x_wconf 73' lang='grc' dir='ltr'>’γράμμ’</span> <span class='ocrx_word' id='word_1_26' title='bbox 709 972 896 1047; x_wconf 79' lang='grc' dir='ltr'>ἀναλεξάμενος</span> <span class='ocrx_word' id='word_1_27' title='bbox 916 972 956 1040; x_wconf 77' lang='lat'><strong>(¹).</strong></span> 
     </span>
    </p>
   </div>
   <div class='ocr_carea' id='block_1_4' title="bbox 181 1126 1113 2726">
    <p class='ocr_par' dir='ltr' id='par_1_4' title="bbox 181 1126 1108 1452">
     <span class='ocr_line' id='line_1_6' title="bbox 182 1126 1108 1214; baseline -0.004 -20"><span class='ocrx_word' id='word_1_28' title='bbox 182 1127 303 1194; x_wconf 83' lang='lat' dir='ltr'>Contra</span> <span class='ocrx_word' id='word_1_29' title='bbox 332 1129 550 1214; x_wconf 89' lang='lat' dir='ltr'>Libanius‚</span> <span class='ocrx_word' id='word_1_30' title='bbox 593 1131 704 1198; x_wconf 90' lang='lat' dir='ltr'>nobilis</span> <span class='ocrx_word' id='word_1_31' title='bbox 733 1146 836 1198; x_wconf 89' lang='lat' dir='ltr'>orator</span> <span class='ocrx_word' id='word_1_32' title='bbox 871 1126 1108 1208; x_wconf 79' lang='lat' dir='ltr'><strong>Antiochensis,</strong></span> 
     </span>
     <span class='ocr_line' id='line_1_7' title="bbox 181 1240 1107 1334; baseline -0.002 -25"><span class='ocrx_word' id='word_1_33' title='bbox 181 1241 292 1310; x_wconf 82' lang='lat' dir='ltr'>eodem</span> <span class='ocrx_word' id='word_1_34' title='bbox 311 1242 373 1312; x_wconf 87' lang='lat' dir='ltr'>hoe</span> <span class='ocrx_word' id='word_1_35' title='bbox 390 1244 512 1334; x_wconf 78' lang='lat' dir='ltr'>dialogo</span> <span class='ocrx_word' id='word_1_36' title='bbox 530 1274 547 1312; x_wconf 91' lang='lat' dir='ltr'>a</span> <span class='ocrx_word' id='word_1_37' title='bbox 567 1246 742 1316; x_wconf 88' lang='lat' dir='ltr'>consiliose</span> <span class='ocrx_word' id='word_1_38' title='bbox 763 1241 977 1313; x_wconf 81' lang='lat' dir='ltr'>interficiendi</span> <span class='ocrx_word' id='word_1_39' title='bbox 998 1240 1107 1309; x_wconf 86' lang='lat' dir='ltr'>dedu-</span> 
     </span>
     <span class='ocr_line' id='line_1_8' title="bbox 183 1360 531 1452; baseline 0.006 -25"><span class='ocrx_word' id='word_1_40' title='bbox 183 1377 250 1427; x_wconf 85' lang='lat' dir='ltr'>ctus</span> <span class='ocrx_word' id='word_1_41' title='bbox 270 1384 333 1427; x_wconf 87' lang='lat' dir='ltr'>esse</span> <span class='ocrx_word' id='word_1_42' title='bbox 355 1360 456 1428; x_wconf 86' lang='lat' dir='ltr'>fertur</span> <span class='ocrx_word' id='word_1_43' title='bbox 477 1360 531 1452; x_wconf 74' lang='lat'><strong>(²).</strong></span> 
     </span>
    </p>

    <p class='ocr_par' dir='ltr' id='par_1_5' title="bbox 181 1475 1111 2472">
     <span class='ocr_line' id='line_1_9' title="bbox 226 1475 1107 1571; baseline -0.005 -27"><span class='ocrx_word' id='word_1_44' title='bbox 226 1475 494 1571; x_wconf 83' lang='lat' dir='ltr'><strong>Speusippus,</strong></span> <span class='ocrx_word' id='word_1_45' title='bbox 518 1478 697 1549; x_wconf 80' lang='lat' dir='ltr'>Platonis</span> <span class='ocrx_word' id='word_1_46' title='bbox 719 1475 891 1568; x_wconf 85' lang='lat' dir='ltr'>discipulus</span> <span class='ocrx_word' id='word_1_47' title='bbox 917 1492 948 1541; x_wconf 90' lang='lat' dir='ltr'>et</span> <span class='ocrx_word' id='word_1_48' title='bbox 970 1478 1003 1542; x_wconf 86' lang='lat' dir='ltr'>in</span> <span class='ocrx_word' id='word_1_49' title='bbox 1020 1476 1107 1541; x_wconf 80' lang='lat' dir='ltr'>Aca·</span> 
     </span>
     <span class='ocr_line' id='line_1_10' title="bbox 181 1590 1109 1683; baseline 0.001 -27"><span class='ocrx_word' id='word_1_50' title='bbox 181 1590 283 1658; x_wconf 84' lang='lat' dir='ltr'>demis</span> <span class='ocrx_word' id='word_1_51' title='bbox 321 1617 478 1660; x_wconf 88' lang='lat' dir='ltr'><strong>successor</strong></span> <span class='ocrx_word' id='word_1_52' title='bbox 501 1594 564 1683; x_wconf 81' lang='lat'>(³),</span> <span class='ocrx_word' id='word_1_53' title='bbox 590 1618 650 1662; x_wconf 86' lang='lat' dir='ltr'>neo</span> <span class='ocrx_word' id='word_1_54' title='bbox 669 1594 805 1682; x_wconf 82' lang='lat' dir='ltr'><strong>magistri</strong></span> <span class='ocrx_word' id='word_1_55' title='bbox 836 1592 1027 1673; x_wconf 91' lang='lat' dir='ltr'>sententiae,</span> <span class='ocrx_word' id='word_1_56' title='bbox 1050 1614 1109 1657; x_wconf 85' lang='lat' dir='ltr'>nee</span> 
     </span>
     <span class='ocr_line' id='line_1_11' title="bbox 181 1705 1105 1801; baseline -0.003 -28"><span class='ocrx_word' id='word_1_57' title='bbox 181 1708 218 1773; x_wconf 90' lang='lat' dir='ltr'>iis</span> <span class='ocrx_word' id='word_1_58' title='bbox 250 1731 329 1798; x_wconf 86' lang='lat' dir='ltr'>quae</span> <span class='ocrx_word' id='word_1_59' title='bbox 362 1710 428 1801; x_wconf 89' lang='lat' dir='ltr'>ipse</span> <span class='ocrx_word' id='word_1_60' title='bbox 462 1709 617 1800; x_wconf 79' lang='lat' dir='ltr'>professus</span> <span class='ocrx_word' id='word_1_61' title='bbox 647 1725 713 1775; x_wconf 90' lang='lat' dir='ltr'>erat</span> <span class='ocrx_word' id='word_1_62' title='bbox 734 1711 803 1775; x_wconf 89' lang='lat' dir='ltr'>satis</span> <span class='ocrx_word' id='word_1_63' title='bbox 819 1709 938 1775; x_wconf 81' lang='lat' dir='ltr'>stetisse</span> <span class='ocrx_word' id='word_1_64' title='bbox 955 1705 1105 1788; x_wconf 82' lang='lat' dir='ltr'>videtur3</span> 
     </span>
     <span class='ocr_line' id='line_1_12' title="bbox 183 1821 1108 1915; baseline -0.003 -26"><span class='ocrx_word' id='word_1_65' title='bbox 183 1849 287 1914; x_wconf 89' lang='lat' dir='ltr'>quum</span> <span class='ocrx_word' id='word_1_66' title='bbox 314 1825 399 1892; x_wconf 89' lang='lat' dir='ltr'>enim</span> <span class='ocrx_word' id='word_1_67' title='bbox 427 1826 624 1912; x_wconf 83' lang='lat' dir='ltr'>Diogenes</span> <span class='ocrx_word' id='word_1_68' title='bbox 646 1827 783 1915; x_wconf 84' lang='lat' dir='ltr'>Cynicus</span> <span class='ocrx_word' id='word_1_69' title='bbox 801 1849 874 1891; x_wconf 90' lang='lat' dir='ltr'>eum</span> <span class='ocrx_word' id='word_1_70' title='bbox 899 1824 1032 1913; x_wconf 84' lang='lat' dir='ltr'>paralysi</span> <span class='ocrx_word' id='word_1_71' title='bbox 1058 1821 1108 1887; x_wconf 86' lang='lat' dir='ltr'>la-</span> 
     </span>
     <span class='ocr_line' id='line_1_13' title="bbox 182 1937 1111 2008; baseline -0.001 -3"><span class='ocrx_word' id='word_1_72' title='bbox 182 1940 347 2006; x_wconf 78' lang='lat' dir='ltr'>borantem</span> <span class='ocrx_word' id='word_1_73' title='bbox 367 1937 555 2006; x_wconf 79' lang='lat' dir='ltr'>adhortatus</span> <span class='ocrx_word' id='word_1_74' title='bbox 574 1958 652 2007; x_wconf 89' lang='lat' dir='ltr'>esset</span> <span class='ocrx_word' id='word_1_75' title='bbox 673 1957 709 2006; x_wconf 94' lang='lat' dir='ltr'>ut</span> <span class='ocrx_word' id='word_1_76' title='bbox 729 1965 747 2006; x_wconf 92' lang='lat' dir='ltr'>e</span> <span class='ocrx_word' id='word_1_77' title='bbox 768 1942 830 2007; x_wconf 87' lang='lat' dir='ltr'>vita</span> <span class='ocrx_word' id='word_1_78' title='bbox 849 1939 991 2008; x_wconf 83' lang='lat' dir='ltr'>eederet:</span> <span class='ocrx_word' id='word_1_79' title='bbox 1036 1940 1111 2006; x_wconf 93' lang='lat' dir='ltr'>Non</span> 
     </span>
     <span class='ocr_line' id='line_1_14' title="bbox 181 2055 1107 2148; baseline -0.002 -25"><span class='ocrx_word' id='word_1_80' title='bbox 181 2056 330 2140; x_wconf 86' lang='lat' dir='ltr'>vivimus,</span> <span class='ocrx_word' id='word_1_81' title='bbox 365 2057 491 2148; x_wconf 84' lang='lat' dir='ltr'>inquit,</span> <span class='ocrx_word' id='word_1_82' title='bbox 512 2059 677 2138; x_wconf 82' lang='lat' dir='ltr'>eruribus,</span> <span class='ocrx_word' id='word_1_83' title='bbox 699 2055 754 2123; x_wconf 90' lang='lat' dir='ltr'>sed</span> <span class='ocrx_word' id='word_1_84' title='bbox 776 2075 881 2124; x_wconf 90' lang='lat' dir='ltr'>mente</span> <span class='ocrx_word' id='word_1_85' title='bbox 903 2055 954 2144; x_wconf 78' lang='lat'><strong>(⁴).</strong></span> <span class='ocrx_word' id='word_1_86' title='bbox 998 2059 1107 2123; x_wconf 86' lang='lat' dir='ltr'>Postea</span> 
     </span>
     <span class='ocr_line' id='line_1_15' title="bbox 183 2171 1103 2262; baseline -0.001 -24"><span class='ocrx_word' id='word_1_87' title='bbox 183 2188 334 2251; x_wconf 58' lang='lat' dir='ltr'>vero‚,nt</span> <span class='ocrx_word' id='word_1_88' title='bbox 358 2171 488 2261; x_wconf 87' lang='lat' dir='ltr'>quidem</span> <span class='ocrx_word' id='word_1_89' title='bbox 509 2171 605 2239; x_wconf 83' lang='lat' dir='ltr'>refert</span> <span class='ocrx_word' id='word_1_90' title='bbox 627 2174 820 2260; x_wconf 83' lang='lat' dir='ltr'>Diogenes</span> <span class='ocrx_word' id='word_1_91' title='bbox 842 2173 1025 2240; x_wconf 71' lang='lat' dir='ltr'>Laertius</span> <span class='ocrx_word' id='word_1_92' title='bbox 1045 2172 1103 2262; x_wconf 79' lang='lat'>(¹⁵),</span> 
     </span>
     <span class='ocr_line' id='line_1_16' title="bbox 183 2285 1111 2374; baseline 0.001 -22"><span class='ocrx_word' id='word_1_93' title='bbox 183 2285 375 2374; x_wconf 79' lang='lat' dir='ltr'>aegritudine</span> <span class='ocrx_word' id='word_1_94' title='bbox 406 2304 439 2353; x_wconf 91' lang='lat' dir='ltr'>et</span> <span class='ocrx_word' id='word_1_95' title='bbox 470 2304 628 2355; x_wconf 83' lang='lat' dir='ltr'>senectute</span> <span class='ocrx_word' id='word_1_96' title='bbox 662 2287 842 2374; x_wconf 86' lang='lat' dir='ltr'>confectus,</span> <span class='ocrx_word' id='word_1_97' title='bbox 886 2304 1020 2355; x_wconf 88' lang='lat' dir='ltr'>mortem</span> <span class='ocrx_word' id='word_1_98' title='bbox 1051 2287 1111 2354; x_wconf 91' lang='lat' dir='ltr'>sibi</span> 
     </span>
     <span class='ocr_line' id='line_1_17' title="bbox 184 2405 345 2472; baseline -0.006 0"><span class='ocrx_word' id='word_1_99' title='bbox 184 2405 345 2472; x_wconf 84' lang='lat' dir='ltr'>eonscivit.</span> 
     </span>
    </p>

    <p class='ocr_par' dir='ltr' id='par_1_6' title="bbox 185 2517 1113 2726">
     <span class='ocr_line' id='line_1_18' title="bbox 229 2517 1113 2609; baseline 0 -23"><span class='ocrx_word' id='word_1_100' title='bbox 229 2517 471 2602; x_wconf 85' lang='lat' dir='ltr'>Carneades,</span> <span class='ocrx_word' id='word_1_101' title='bbox 499 2520 652 2587; x_wconf 86' lang='lat' dir='ltr'>utresert</span> <span class='ocrx_word' id='word_1_102' title='bbox 670 2522 854 2586; x_wconf 72' lang='lat' dir='ltr'>Laertius</span> <span class='ocrx_word' id='word_1_103' title='bbox 876 2519 939 2609; x_wconf 78' lang='lat'>(⁸),</span> <span class='ocrx_word' id='word_1_104' title='bbox 963 2522 1041 2587; x_wconf 86' lang='lat' dir='ltr'>vitae</span> <span class='ocrx_word' id='word_1_105' title='bbox 1060 2519 1113 2605; x_wconf 55' lang='lat' dir='ltr'>fid</span> 
     </span>
     <span class='ocr_line' id='line_1_19' title="bbox 185 2633 1110 2726; baseline -0.001 -23"><span class='ocrx_word' id='word_1_106' title='bbox 185 2660 261 2703; x_wconf 87' lang='lat' dir='ltr'>nem</span> <span class='ocrx_word' id='word_1_107' title='bbox 279 2638 399 2723; x_wconf 86' lang='lat' dir='ltr'>gravius</span> <span class='ocrx_word' id='word_1_108' title='bbox 419 2652 592 2716; x_wconf 85' lang='lat' dir='ltr'>aversatus,</span> <span class='ocrx_word' id='word_1_109' title='bbox 626 2660 727 2726; x_wconf 88' lang='lat' dir='ltr'>quum</span> <span class='ocrx_word' id='word_1_110' title='bbox 749 2633 914 2702; x_wconf 88' lang='lat' dir='ltr'>audivisset</span> <span class='ocrx_word' id='word_1_111' title='bbox 936 2637 1110 2723; x_wconf 89' lang='lat' dir='ltr'>Antipe-</span> 
     </span>
    </p>
   </div>
   <div class='ocr_carea' id='block_1_5' title="bbox 185 2749 1113 2845">
    <p class='ocr_par' dir='ltr' id='par_1_7' title="bbox 185 2749 1113 2845">
     <span class='ocr_line' id='line_1_20' title="bbox 185 2749 1113 2845; baseline -0.001 -27"><span class='ocrx_word' id='word_1_112' title='bbox 185 2770 294 2818; x_wconf 87' lang='lat' dir='ltr'>trum</span> <span class='ocrx_word' id='word_1_113' title='bbox 310 2749 351 2842; x_wconf 85' lang='lat'>(⁷)</span> <span class='ocrx_word' id='word_1_114' title='bbox 370 2773 491 2818; x_wconf 89' lang='lat' dir='ltr'>veneno</span> <span class='ocrx_word' id='word_1_115' title='bbox 508 2750 619 2818; x_wconf 89' lang='lat' dir='ltr'>hausto</span> <span class='ocrx_word' id='word_1_116' title='bbox 636 2749 826 2827; x_wconf 85' lang='lat' dir='ltr'>defunctum</span> <span class='ocrx_word' id='word_1_117' title='bbox 844 2776 926 2837; x_wconf 86' lang='lat' dir='ltr'>esse,</span> <span class='ocrx_word' id='word_1_118' title='bbox 948 2753 1015 2845; x_wconf 90' lang='lat' dir='ltr'>ipse</span> <span class='ocrx_word' id='word_1_119' title='bbox 1026 2753 1113 2821; x_wconf 88' lang='lat' dir='ltr'>inei·</span> 
     </span>
    </p>
   </div>
   <div class='ocr_carea' id='block_1_6' title="bbox 185 2979 1114 3239">
    <p class='ocr_par' dir='ltr' id='par_1_8' title="bbox 185 2979 1114 3239">
     <span class='ocr_line' id='line_1_21' title="bbox 186 2979 1112 3062; baseline 0.002 -29"><span class='ocrx_word' id='word_1_120' title='bbox 186 2985 261 3036; x_wconf 70' lang='lat' dir='ltr'>Toni.</span> <span class='ocrx_word' id='word_1_121' title='bbox 279 2985 312 3045; x_wconf 89' lang='lat'>11,</span> <span class='ocrx_word' id='word_1_122' title='bbox 332 2994 359 3049; x_wconf 81' lang='lat' dir='ltr'>p.</span> <span class='ocrx_word' id='word_1_123' title='bbox 378 2982 450 3045; x_wconf 78' lang='lat'>310;</span> <span class='ocrx_word' id='word_1_124' title='bbox 474 2979 564 3033; x_wconf 82' lang='lat' dir='ltr'>allusit</span> <span class='ocrx_word' id='word_1_125' title='bbox 582 2995 612 3033; x_wconf 89' lang='lat' dir='ltr'>eo</span> <span class='ocrx_word' id='word_1_126' title='bbox 635 2979 777 3062; x_wconf 60' lang='lat' dir='ltr'>osidius</span> <span class='ocrx_word' id='word_1_127' title='bbox 797 2980 824 3032; x_wconf 90' lang='lat' dir='ltr'>in</span> <span class='ocrx_word' id='word_1_128' title='bbox 846 2979 940 3033; x_wconf 89' lang='lat' dir='ltr'>lhide</span> <span class='ocrx_word' id='word_1_129' title='bbox 957 2997 984 3035; x_wconf 81' lang='lat' dir='ltr'>v.</span> <span class='ocrx_word' id='word_1_130' title='bbox 999 2982 1050 3034; x_wconf 77' lang='lat' dir='ltr'>tes</span> <span class='ocrx_word' id='word_1_131' title='bbox 1071 2996 1112 3048; x_wconf 80' lang='lat' dir='ltr'>sq.</span> 
     </span>
     <span class='ocr_line' id='line_1_22' title="bbox 185 3070 1112 3143; baseline -0.001 -12"><span class='ocrx_word' id='word_1_132' title='bbox 185 3077 234 3133; x_wconf 77' lang='lat' dir='ltr'>cn.</span> <span class='ocrx_word' id='word_1_133' title='bbox 256 3076 319 3132; x_wconf 84' lang='lat' dir='ltr'>Cio.</span> <span class='ocrx_word' id='word_1_134' title='bbox 338 3081 416 3131; x_wconf 85' lang='lat' dir='ltr'>Tuso.</span> <span class='ocrx_word' id='word_1_135' title='bbox 437 3081 458 3141; x_wconf 88' lang='lat' dir='ltr'>t,</span> <span class='ocrx_word' id='word_1_136' title='bbox 480 3078 522 3141; x_wconf 79' lang='lat' dir='ltr'>st,</span> <span class='ocrx_word' id='word_1_137' title='bbox 543 3082 633 3130; x_wconf 86' lang='lat' dir='ltr'>Laot.</span> <span class='ocrx_word' id='word_1_138' title='bbox 658 3070 716 3130; x_wconf 80' lang='lat' dir='ltr'>Dis.</span> <span class='ocrx_word' id='word_1_139' title='bbox 744 3080 808 3131; x_wconf 89' lang='lat' dir='ltr'>lnst.</span> <span class='ocrx_word' id='word_1_140' title='bbox 834 3081 879 3140; x_wconf 87' lang='grc' dir='ltr'><strong>ΙΙΙ,</strong></span> <span class='ocrx_word' id='word_1_141' title='bbox 909 3079 952 3141; x_wconf 84' lang='grc'>18,</span> <span class='ocrx_word' id='word_1_142' title='bbox 971 3081 1112 3143; x_wconf 83' lang='lat' dir='ltr'>August.</span> 
     </span>
     <span class='ocr_line' id='line_1_23' title="bbox 185 3171 1114 3239; baseline 0 -14"><span class='ocrx_word' id='word_1_143' title='bbox 185 3175 219 3226; x_wconf 87' lang='lat' dir='ltr'>de</span> <span class='ocrx_word' id='word_1_144' title='bbox 233 3171 288 3228; x_wconf 80' lang='lat' dir='ltr'>Cir.</span> <span class='ocrx_word' id='word_1_145' title='bbox 306 3171 352 3226; x_wconf 90' lang='lat' dir='ltr'>Dei</span> <span class='ocrx_word' id='word_1_146' title='bbox 373 3177 394 3238; x_wconf 93' lang='lat' dir='ltr'>I,</span> <span class='ocrx_word' id='word_1_147' title='bbox 407 3172 451 3226; x_wconf 77' lang='lat'>22.</span> <span class='ocrx_word' id='word_1_148' title='bbox 488 3172 517 3239; x_wconf 82' lang='lat'>(¹)</span> <span class='ocrx_word' id='word_1_149' title='bbox 535 3171 817 3234; x_wconf 81' lang='lat' dir='ltr'>Valckenaerius,</span> <span class='ocrx_word' id='word_1_150' title='bbox 836 3171 864 3222; x_wconf 90' lang='lat' dir='ltr'>in</span> <span class='ocrx_word' id='word_1_151' title='bbox 882 3171 981 3225; x_wconf 81' lang='lat' dir='ltr'>scholis</span> <span class='ocrx_word' id='word_1_152' title='bbox 999 3177 1063 3226; x_wconf 82' lang='lat' dir='ltr'>Mss.</span> <span class='ocrx_word' id='word_1_153' title='bbox 1085 3171 1114 3225; x_wconf 92' lang='lat' dir='ltr'>in</span> 
     </span>
    </p>
   </div>
   <div class='ocr_carea' id='block_1_7' title="bbox 184 3273 1178 4117">
    <p class='ocr_par' dir='ltr' id='par_1_9' title="bbox 184 3273 1178 4117">
     <span class='ocr_line' id='line_1_24' title="bbox 184 3273 1114 3352; baseline -0.008 -16"><span class='ocrx_word' id='word_1_154' title='bbox 184 3282 268 3352; x_wconf 84' lang='lat' dir='ltr'>Epist.</span> <span class='ocrx_word' id='word_1_155' title='bbox 287 3283 320 3336; x_wconf 89' lang='lat' dir='ltr'>ad</span> <span class='ocrx_word' id='word_1_156' title='bbox 337 3283 415 3338; x_wconf 84' lang='lat' dir='ltr'>Hebr.</span> <span class='ocrx_word' id='word_1_157' title='bbox 435 3284 479 3346; x_wconf 88' lang='lat'>10,</span> <span class='ocrx_word' id='word_1_158' title='bbox 498 3285 525 3344; x_wconf 85' lang='lat'>7,</span> <span class='ocrx_word' id='word_1_159' title='bbox 547 3279 657 3348; x_wconf 81' lang='lat' dir='ltr'>oonJ&#39;ooit</span> <span class='ocrx_word' id='word_1_160' title='bbox 674 3273 856 3349; x_wconf 77' lang='grc' dir='ltr'>ἐνελιξάμενος.</span> <span class='ocrx_word' id='word_1_161' title='bbox 900 3278 927 3344; x_wconf 76' lang='lat'>(²)</span> <span class='ocrx_word' id='word_1_162' title='bbox 946 3276 1114 3340; x_wconf 85' lang='lat' dir='ltr'>Devitssua,</span> 
     </span>
     <span class='ocr_line' id='line_1_25' title="bbox 186 3374 1113 3447; baseline -0.003 -16"><span class='ocrx_word' id='word_1_163' title='bbox 186 3395 248 3447; x_wconf 87' lang='lat' dir='ltr'>opp.</span> <span class='ocrx_word' id='word_1_164' title='bbox 261 3384 336 3433; x_wconf 91' lang='lat' dir='ltr'>Tom.</span> <span class='ocrx_word' id='word_1_165' title='bbox 346 3382 378 3440; x_wconf 91' lang='lat'>11,</span> <span class='ocrx_word' id='word_1_166' title='bbox 389 3394 415 3446; x_wconf 91' lang='lat' dir='ltr'>p.</span> <span class='ocrx_word' id='word_1_167' title='bbox 426 3379 460 3429; x_wconf 79' lang='lat' dir='ltr'>ts</span> <span class='ocrx_word' id='word_1_168' title='bbox 471 3382 502 3431; x_wconf 89' lang='lat' dir='ltr'>D.</span> <span class='ocrx_word' id='word_1_169' title='bbox 534 3376 561 3442; x_wconf 76' lang='lat'>(³)</span> <span class='ocrx_word' id='word_1_170' title='bbox 580 3376 644 3428; x_wconf 85' lang='lat' dir='ltr'>Fab</span> <span class='ocrx_word' id='word_1_171' title='bbox 653 3392 675 3430; x_wconf 90' lang='lat' dir='ltr'>r.</span> <span class='ocrx_word' id='word_1_172' title='bbox 687 3379 717 3429; x_wconf 90' lang='lat' dir='ltr'>B.</span> <span class='ocrx_word' id='word_1_173' title='bbox 729 3379 774 3429; x_wconf 88' lang='lat' dir='ltr'>Gr.</span> <span class='ocrx_word' id='word_1_174' title='bbox 787 3379 819 3439; x_wconf 88' lang='lat'>11,</span> <span class='ocrx_word' id='word_1_175' title='bbox 832 3392 859 3444; x_wconf 88' lang='lat' dir='ltr'>p.</span> <span class='ocrx_word' id='word_1_176' title='bbox 870 3377 903 3429; x_wconf 81' lang='lat' dir='ltr'>oo</span> <span class='ocrx_word' id='word_1_177' title='bbox 915 3390 956 3441; x_wconf 85' lang='lat' dir='ltr'>sq.</span> <span class='ocrx_word' id='word_1_178' title='bbox 984 3374 1011 3442; x_wconf 51' lang='grc' dir='ltr'>(Ι)</span> <span class='ocrx_word' id='word_1_179' title='bbox 1026 3374 1113 3428; x_wconf 86' lang='lat' dir='ltr'>Stob.</span> 
     </span>
     <span class='ocr_line' id='line_1_26' title="bbox 186 3470 1114 3538; baseline -0.003 -12"><span class='ocrx_word' id='word_1_180' title='bbox 186 3475 257 3529; x_wconf 83' lang='lat' dir='ltr'>Flor.</span> <span class='ocrx_word' id='word_1_181' title='bbox 279 3473 332 3528; x_wconf 86' lang='lat' dir='ltr'>Tit.</span> <span class='ocrx_word' id='word_1_182' title='bbox 351 3475 412 3537; x_wconf 88' lang='grc'><strong>119,</strong></span> <span class='ocrx_word' id='word_1_183' title='bbox 434 3476 467 3524; x_wconf 82' lang='grc'>17</span> <span class='ocrx_word' id='word_1_184' title='bbox 486 3473 529 3528; x_wconf 89' lang='lat' dir='ltr'>ed.</span> <span class='ocrx_word' id='word_1_185' title='bbox 547 3471 652 3526; x_wconf 83' lang='lat' dir='ltr'>Gaisf.</span> <span class='ocrx_word' id='word_1_186' title='bbox 690 3472 717 3535; x_wconf 73' lang='lat' dir='ltr'>(l)</span> <span class='ocrx_word' id='word_1_187' title='bbox 737 3475 779 3535; x_wconf 80' lang='lat' dir='ltr'>lv,</span> <span class='ocrx_word' id='word_1_188' title='bbox 798 3474 817 3538; x_wconf 54' lang='grc' dir='ltr'><em>ὅ</em></span> <span class='ocrx_word' id='word_1_189' title='bbox 841 3474 866 3525; x_wconf 84' lang='grc'>3.</span> <span class='ocrx_word' id='word_1_190' title='bbox 880 3470 1025 3524; x_wconf 85' lang='lat' dir='ltr'>Tertull.</span> <span class='ocrx_word' id='word_1_191' title='bbox 1038 3471 1114 3538; x_wconf 76' lang='lat' dir='ltr'>Apol.</span> 
     </span>
     <span class='ocr_line' id='line_1_27' title="bbox 186 3566 1116 3634; baseline -0.005 -10"><span class='ocrx_word' id='word_1_192' title='bbox 186 3588 210 3625; x_wconf 87' lang='lat' dir='ltr'>o.</span> <span class='ocrx_word' id='word_1_193' title='bbox 241 3573 275 3624; x_wconf 74' lang='grc' dir='ltr'>ΙΙΙ</span> <span class='ocrx_word' id='word_1_194' title='bbox 303 3570 413 3623; x_wconf 89' lang='lat' dir='ltr'>eumin</span> <span class='ocrx_word' id='word_1_195' title='bbox 439 3567 567 3622; x_wconf 85' lang='lat' dir='ltr'>adulterio</span> <span class='ocrx_word' id='word_1_196' title='bbox 592 3566 701 3634; x_wconf 87' lang='lat' dir='ltr'>periisse</span> <span class='ocrx_word' id='word_1_197' title='bbox 717 3574 814 3620; x_wconf 87' lang='lat' dir='ltr'>narrat.</span> <span class='ocrx_word' id='word_1_198' title='bbox 852 3567 878 3632; x_wconf 79' lang='lat'>(⁶)</span> <span class='ocrx_word' id='word_1_199' title='bbox 906 3568 952 3626; x_wconf 83' lang='lat' dir='ltr'>IV,</span> <span class='ocrx_word' id='word_1_200' title='bbox 974 3567 993 3632; x_wconf 53' lang='grc' dir='ltr'><strong>ὃ</strong></span> <span class='ocrx_word' id='word_1_201' title='bbox 1016 3567 1050 3617; x_wconf 75' lang='lat' dir='ltr'>(ll</span> <span class='ocrx_word' id='word_1_202' title='bbox 1074 3581 1116 3632; x_wconf 87' lang='lat' dir='ltr'>sq.</span> 
     </span>
     <span class='ocr_line' id='line_1_28' title="bbox 188 3659 1118 3733; baseline -0.006 -14"><span class='ocrx_word' id='word_1_203' title='bbox 188 3667 216 3733; x_wconf 76' lang='lat'>(⁷)</span> <span class='ocrx_word' id='word_1_204' title='bbox 235 3665 512 3718; x_wconf 78' lang='lat' dir='ltr'>Aldobrandinus</span> <span class='ocrx_word' id='word_1_205' title='bbox 539 3670 565 3715; x_wconf 82' lang='lat' dir='ltr'>ot</span> <span class='ocrx_word' id='word_1_206' title='bbox 590 3661 783 3728; x_wconf 83' lang='lat' dir='ltr'>Mensgius,</span> <span class='ocrx_word' id='word_1_207' title='bbox 812 3661 857 3729; x_wconf 89' lang='lat' dir='ltr'>qui</span> <span class='ocrx_word' id='word_1_208' title='bbox 882 3662 951 3713; x_wconf 87' lang='lat' dir='ltr'>huno</span> <span class='ocrx_word' id='word_1_209' title='bbox 973 3659 1118 3729; x_wconf 79' lang='lat' dir='ltr'>Antipa-</span> 
     </span>
     <span class='ocr_line' id='line_1_29' title="bbox 187 3756 1117 3826; baseline -0.008 -11"><span class='ocrx_word' id='word_1_210' title='bbox 187 3774 274 3815; x_wconf 90' lang='lat' dir='ltr'>trum</span> <span class='ocrx_word' id='word_1_211' title='bbox 301 3761 385 3815; x_wconf 81' lang='lat' dir='ltr'>luissa</span> <span class='ocrx_word' id='word_1_212' title='bbox 409 3767 516 3813; x_wconf 84' lang='lat' dir='ltr'>censent</span> <span class='ocrx_word' id='word_1_213' title='bbox 546 3757 653 3826; x_wconf 70' lang='lat' dir='ltr'>Tyrium</span> <span class='ocrx_word' id='word_1_214' title='bbox 675 3756 808 3822; x_wconf 81' lang='lat' dir='ltr'>Stoicum,</span> <span class='ocrx_word' id='word_1_215' title='bbox 838 3757 953 3825; x_wconf 88' lang='lat' dir='ltr'>primum</span> <span class='ocrx_word' id='word_1_216' title='bbox 977 3756 1117 3809; x_wconf 79' lang='lat' dir='ltr'>manifesto</span> 
     </span>
     <span class='ocr_line' id='line_1_30' title="bbox 187 3852 1118 3922; baseline -0.008 -10"><span class='ocrx_word' id='word_1_217' title='bbox 187 3875 273 3912; x_wconf 88' lang='lat' dir='ltr'>errore</span> <span class='ocrx_word' id='word_1_218' title='bbox 297 3858 385 3922; x_wconf 86' lang='lat' dir='ltr'>huno,</span> <span class='ocrx_word' id='word_1_219' title='bbox 414 3855 551 3911; x_wconf 84' lang='lat' dir='ltr'>Catonis</span> <span class='ocrx_word' id='word_1_220' title='bbox 577 3852 719 3907; x_wconf 87' lang='lat' dir='ltr'>Minoris</span> <span class='ocrx_word' id='word_1_221' title='bbox 739 3862 768 3904; x_wconf 92' lang='lat' dir='ltr'>ut</span> <span class='ocrx_word' id='word_1_222' title='bbox 788 3862 880 3905; x_wconf 89' lang='lat' dir='ltr'>notum</span> <span class='ocrx_word' id='word_1_223' title='bbox 909 3852 1067 3920; x_wconf 87' lang='lat' dir='ltr'>magistrum</span> <span class='ocrx_word' id='word_1_224' title='bbox 1093 3860 1118 3905; x_wconf 87' lang='lat' dir='ltr'>et</span> 
     </span>
     <span class='ocr_line' id='line_1_31' title="bbox 189 3948 1118 4021; baseline -0.009 -14"><span class='ocrx_word' id='word_1_225' title='bbox 189 3955 323 4020; x_wconf 89' lang='lat' dir='ltr'>amioum,</span> <span class='ocrx_word' id='word_1_226' title='bbox 348 3953 395 4021; x_wconf 87' lang='lat' dir='ltr'>qui</span> <span class='ocrx_word' id='word_1_227' title='bbox 415 3952 496 4020; x_wconf 86' lang='lat' dir='ltr'>igitur</span> <span class='ocrx_word' id='word_1_228' title='bbox 524 3959 582 4019; x_wconf 88' lang='lat' dir='ltr'>post</span> <span class='ocrx_word' id='word_1_229' title='bbox 612 3949 794 4001; x_wconf 81' lang='lat' dir='ltr'>Carneadis</span> <span class='ocrx_word' id='word_1_230' title='bbox 820 3948 922 4001; x_wconf 83' lang='lat' dir='ltr'>obitum</span> <span class='ocrx_word' id='word_1_231' title='bbox 944 3949 1050 4001; x_wconf 86' lang='lat' dir='ltr'>demum</span> <span class='ocrx_word' id='word_1_232' title='bbox 1070 3949 1118 3999; x_wconf 85' lang='lat' dir='ltr'>sso-</span> 
     </span>
     <span class='ocr_line' id='line_1_32' title="bbox 189 4032 1178 4117; baseline -0.006 -15"><span class='ocrx_word' id='word_1_233' title='bbox 189 4051 257 4117; x_wconf 89' lang='lat' dir='ltr'>ruit,</span> <span class='ocrx_word' id='word_1_234' title='bbox 290 4048 456 4104; x_wconf 80' lang='lat' dir='ltr'>confundunt</span> <span class='ocrx_word' id='word_1_235' title='bbox 484 4062 544 4100; x_wconf 85' lang='lat' dir='ltr'>turn</span> <span class='ocrx_word' id='word_1_236' title='bbox 568 4045 674 4101; x_wconf 87' lang='lat' dir='ltr'>Sidonio</span> <span class='ocrx_word' id='word_1_237' title='bbox 695 4051 771 4114; x_wconf 68' lang='lat' dir='ltr'>posta</span> <span class='ocrx_word' id='word_1_238' title='bbox 794 4052 820 4099; x_wconf 86' lang='lat' dir='ltr'>ot</span> <span class='ocrx_word' id='word_1_239' title='bbox 849 4051 879 4096; x_wconf 91' lang='lat' dir='ltr'>ut</span> <span class='ocrx_word' id='word_1_240' title='bbox 907 4042 1009 4099; x_wconf 82' lang='lat' dir='ltr'>videtur</span> <span class='ocrx_word' id='word_1_241' title='bbox 1040 4042 1118 4098; x_wconf 83' lang='lat' dir='ltr'>etism</span> <span class='ocrx_word' id='word_1_242' title='bbox 1175 4032 1178 4042; x_wconf 67' lang='grc'>’</span> 
     </span>
    </p>
   </div>
   <div class='ocr_carea' id='block_1_8' title="bbox 0 0 1398 4830">
    <p class='ocr_par' dir='ltr' id='par_1_10' title="bbox 0 0 1398 4830">
     <span class='ocr_line' id='line_1_33' title="bbox 0 0 1398 4830; baseline 0 0"><span class='ocrx_word' id='word_1_243' title='bbox 0 0 1398 4830; x_wconf 95' lang='lat' dir='ltr'> </span> 
     </span>
    </p>
   </div>
  </div>
 </body>
</html>
