2798 4836
722 428 764 492 26
793 514 799 527 .

267 633 340 695 rac,
367 633 442 701 qaas
469 634 486 674 a
506 609 666 702 principio
684 625 795 697 agente
814 613 943 704 accipit.
990 614 1206 713 Mutationem

266 727 401 817 quaein
425 724 585 793 materiam
616 721 766 807 cadunt,
803 720 941 818 quatuor
963 747 1039 796 sunt
1065 754 1200 818 genera:

264 850 446 942 παράθεσις,
478 847 651 934 appositior
676 847 777 940 μίξις,
802 850 1008 922 commixtim
1034 854 1204 945 σύγχυσις,

266 977 429 1047 confusio:
472 977 601 1069 rpeiam,
629 975 833 1066 temperatio,
856 997 937 1063 quae
956 992 1113 1065 postrema
1135 994 1206 1045 tum

264 1095 398 1177 obtinet,
423 1115 525 1182 quum
547 1090 589 1156 ita
611 1113 645 1156 se
667 1089 805 1159 invicem
827 1092 1204 1184 penetrentspartiealae,

263 1227 302 1278 ut
322 1235 385 1277 una
404 1207 527 1275 alterins
549 1223 684 1275 assumat
705 1207 873 1293 naturam3
908 1210 1087 1277 statuebant
1109 1211 1233 1297 igitur‘

264 1351 296 1407 et
320 1328 530 1423 penetrabiles
558 1351 623 1396 esse
641 1331 808 1423 particulas
836 1334 1001 1416 materiae,
1033 1350 1066 1398 et
1097 1336 1203 1424 κρᾶσιν

263 1453 414 1524 dicebant
438 1455 514 1533 ,fieri
548 1446 589 1531 δι’
617 1453 711 1544 ὅλου,
755 1479 814 1547 per
847 1473 984 1541 totum,
1019 1456 1054 1524 id
1087 1474 1133 1525 est
1164 1475 1203 1526 ut

263 1589 368 1642 totum
398 1597 501 1641 unum
534 1591 637 1643 totum
669 1573 801 1640 alterum
823 1571 925 1641 fieret.
983 1575 1083 1643 Porro
1103 1577 1201 1669 prin·

263 1692 383 1787 alpium
413 1716 506 1780 agens
534 1714 659 1783 semper
693 1705 740 1756 est
773 1691 985 1782 conjunctum
1020 1715 1094 1758 cum
1121 1716 1199 1758 ma-

262 1809 364 1896 teria,
409 1807 483 1876 licet
517 1808 595 1876 haec
626 1809 695 1897 ipsa
730 1829 846 1896 perse
878 1807 919 1872 sit
946 1830 1061 1896 expers
1097 1809 1198 1876 actio·

259 1927 331 2011 nis,
363 1941 396 1992 et
422 1924 468 1992 nss
489 1925 548 1991 nisi
568 1948 667 2013 capax
686 1923 844 2015 passionis.
888 1923 1041 1990 Materiae
1064 1926 1197 2015 quanti-

260 2058 306 2109 tas
353 2066 413 2110 nec
452 2056 585 2129 augetur
625 2065 798 2131 nuquam,
843 2062 903 2107 nec
932 2040 1106 2127 minuitur;
1143 2039 1198 2107 sed

258 2181 384 2249 semper
413 2156 524 2225 eadem
555 2173 694 2244 manet,
751 2154 839 2224 unde
870 2158 936 2249 ipsa
970 2158 1097 2224 materia
1132 2181 1199 2226 non

257 2290 306 2342 est
341 2273 492 2359 infinita,
536 2272 592 2340 sed
622 2271 739 2358 finita3
778 2288 874 2363 atque
905 2270 984 2339 adeo
1017 2272 1083 2341 huc
1116 2272 1198 2340 redit

258 2390 438 2459 Stoicorum
469 2391 578 2484 opinio
612 2388 653 2455 de
682 2386 803 2458 finibus
834 2390 1002 2475 materiae,
1051 2405 1088 2456 ut
1130 2413 1198 2459 eam

257 2506 469 2575 divisibilitate
492 2505 678 2593 infinitam,
702 2506 880 2597 quantitate
902 2530 976 2574 vero
996 2504 1197 2583 finitamesse

258 2640 444 2693 statuerent.

301 2744 386 2808 Deus
417 2740 613 2833 principium
648 2754 694 2807 est
723 2761 832 2826 agens,
863 2753 896 2804 et
919 2738 1196 2806 Heraclitum

257 2859 291 2924 in
336 2881 373 2925 eo
412 2858 656 2947 sequebantur,
701 2870 738 2920 ut
768 2870 960 2932 statuerent,
993 2856 1096 2923 Deum
1131 2879 1196 2923 esse
1268 2862 1272 2869 “

256 2977 380 3063 ignem,
406 2998 471 3041 non
495 2997 633 3041 crassum
656 2970 787 3063 a'puidem
797 2970 887 3037 illum
895 2988 926 3039 et
939 2971 1116 3060 vulgarem3
1140 2971 1196 3039 sed

255 3092 449 3160 subtiliorem
477 3107 510 3157 et
532 3092 653 3157 ratione
674 3107 771 3181 atque
792 3105 858 3155 arte
881 3087 1085 3178 praeditum,
1107 3087 1195 3155 uude

254 3218 468 3283 aZenone
502 3220 560 3306 πῦρ
601 3215 750 3304 τεχνικὸν.
774 3216 879 3285 dictus
909 3234 956 3284 est
994 3216 1047 3307 (¹).
1094 3218 1193 3309 Apud

256 3332 474 3419 Diogenem
503 3334 714 3400 Lae'rtium
747 3332 789 3424 (²)
821 3333 986 3426 principes
1013 3334 1193 3402 Stoicorum

255 3450 454 3534 excitantur,
486 3448 544 3541 qni
579 3448 700 3547 inhoc
723 3467 976 3536 consenserunt,
998 3452 1193 3544 principiam

246 3610 381 3626 Μ

291 3693 321 3761 (¹)
338 3694 386 3750 cr.
410 3698 443 3750 G.
465 3697 498 3749 G.
517 3694 619 3760 Brill,
638 3710 733 3753 comm.
753 3696 786 3753 de
802 3692 967 3766 plaa'slnil.
984 3700 1062 3767 phys.
1080 3714 1104 3754 c.
1122 3703 1154 3765 11,
1172 3701 1195 3768 §⁴

254 3794 288 3856 11,
306 3806 333 3860 p.
353 3794 387 3844 10
403 3806 479 3860 sqq.:
499 3790 766 3859 Thomasius„de
784 3792 862 3849 Staic.
881 3792 974 3847 mundi
991 3802 1093 3858 emsa,
1124 3795 1190 3849 diss.

253 3891 289 3940 111
306 3893 333 3940 et
349 3890 391 3940 tr:
411 3886 504 3941 Mich.
524 3891 687 3958 Soantag,
708 3889 740 3943 de
757 3888 937 3958 palingenesia
954 3891 1057 3960 Stoica,
1076 3899 1188 3957 tanae,

253 3986 329 4038 που.
366 3983 394 4050 (²)
414 3987 467 4048 vn,
486 3986 509 4050 ς
524 3986 582 4039 rat.
