2798 4836
666 420 706 485 21

214 627 296 693 quae
330 604 364 668 in
398 603 501 689 logicis
533 618 708 668 tractantur
735 601 789 693 (¹).
848 601 899 669 Ad
931 598 1010 669 haec
1032 599 1150 687 singula

215 720 313 789 Stoici
345 717 603 813 respondebant,
639 736 669 784 et
705 722 845 811 primum
868 717 1023 809 quidem,
1047 734 1082 780 ut
1104 733 1150 781 est

214 835 301 926 apud
325 837 568 902 Ciceronem
591 835 656 924 (²),
693 834 733 900 de
755 837 948 902 somniorum
964 836 1053 900 visisz
1080 818 1147 899 'si-

216 950 282 1039 mul
317 968 352 1015 ut
382 953 556 1040 experrecti
585 975 714 1033 sumus,
738 953 799 1015 visa
819 933 868 1016 illi
892 950 1145 1031 contemnimus,

215 1091 328 1159 neque¹
365 1069 405 1134 ita
437 1067 611 1150 habemns,
646 1085 682 1133 ut
708 1091 765 1146 ea,
799 1090 879 1156 quae
909 1069 943 1131 iu
962 1066 1031 1132 soro
1051 1065 1148 1150 gessi-

213 1206 294 1261 mus.
317 1186 383 1273 ¹At
412 1186 497 1249 enim
518 1182 597 1250 dum
620 1181 784 1265 videntur,
808 1181 916 1249 eadem
939 1200 985 1248 est
1008 1184 1042 1246 in
1058 1203 1147 1247 som-

213 1300 263 1363 nis
294 1301 411 1390 species
442 1299 558 1365 horum
585 1316 618 1364 et
646 1324 754 1366 eorum
775 1323 855 1388 quae
875 1298 1031 1385 vigilantes
1053 1287 1147 1362 vide-

213 1439 304 1499 mus,
344 1441 407 1481 non
440 1436 542 1482 tamen
568 1416 676 1482 eadem
700 1419 743 1482 vis
765 1440 869 1507 neque
890 1417 1067 1502 integritas,
1101 1413 1149 1479 vel

213 1534 343 1614 mentis,
367 1531 414 1598 vel
435 1557 592 1598 sensuum.

256 1646 355 1738 Quod
386 1674 461 1715 vcro
486 1647 526 1714 ad
550 1649 684 1715 alterum
709 1644 960 1740 reprehensionis
976 1666 1152 1740 caputper-

212 1768 312 1845 tinet,
346 1766 502 1851 negabant
539 1765 636 1845 Stoici
656 1765 732 1831 dues
754 1791 801 1831 res
822 1765 962 1857 perfecte
981 1765 1093 1831 similes
1116 1783 1147 1830 et

211 1880 354 1970 aequales
376 1905 440 1947 esse
459 1905 568 1973 posse,
595 1906 701 1973 neque
722 1881 893 1949 audiebant
917 1885 956 1948 ab
982 1880 1147 1949 Academi-

212 1997 256 2063 cis
287 1996 449 2063 laudatum
481 2000 773 2083 Democritum,
809 2001 867 2089 qui
900 2015 1069 2080 statuerat,
1089 2001 1145 2063 in-

211 2114 417 2181 numerabiles
442 2113 576 2181 mundos
599 2138 682 2197 esse,
719 2117 763 2180 ita
784 2114 916 2194 similes,
950 2132 985 2180 ut
1014 2115 1059 2180 nil
1089 2117 1145 2179 in-

212 2248 260 2295 ter
288 2253 338 2296 eos
370 2233 540 2299 interesset.
588 2233 805 2318 Argumenta,
841 2233 958 2322 quibus
990 2232 1087 2300 Stoici
1106 2229 1146 2297 ad

211 2346 273 2413 hoc
310 2345 525 2412 obtinendum
560 2350 606 2413 usi
635 2366 730 2432 sunt,
765 2366 945 2440 temporum
982 2349 1146 2438 iniquitate

211 2488 284 2531 cum
317 2464 425 2546 libris,
460 2466 495 2529 in
529 2467 647 2554 quibus
673 2464 799 2554 prodita
820 2483 928 2548 erant,
967 2464 1142 2532 intercide·

210 2596 308 2664 runt3
344 2596 380 2645 ut
411 2606 477 2646 non
510 2583 580 2646 satis
609 2585 703 2647 statui
737 2584 833 2675 possit
864 2609 903 2647 an
935 2584 1144 2674 praecipuum

210 2695 291 2787 quid
325 2697 359 2760 in
392 2699 428 2763 iis
459 2697 577 2779 suerit,
614 2715 793 2790 praeterea
819 2701 936 2789 quibus
957 2701 1143 2766 recentiores

209 2830 367 2896 utuntur,
404 2815 470 2905 qui'
498 2813 561 2880 hoc
585 2815 747 2882 decretum
768 2816 922 2908 Principii
946 2814 1142 2883 Indiscerni-

209 2930 320 2995 bilium
360 2932 487 2996 nomine
522 2931 730 3000 celebrarunt.
764 2931 878 3022 ¹Apud
901 2957 1002 2997 unum
1024 2935 1140 2999 Cice-

209 3069 344 3128 ronem
378 3046 420 3136 (³)
465 3047 589 3137 prodita
624 3064 723 3112 exstat
752 3049 860 3133 exigua
892 3049 1020 3131 notitia,
1054 3051 1143 3135 cujus

208 3186 327 3227 summa
361 3161 438 3228 haec
469 3180 533 3228 est:
583 3165 759 3247 „Primum
786 3163 917 3253 quidem
938 3188 987 3230 me
1008 3163 1049 3229 ad
1068 3167 1142 3231 De-

208 3280 425 3357 mocritum
454 3304 564 3379 vocas,-
596 3281 646 3346 cui
678 3306 743 3346 non
775 3283 940 3365 assentior,
974 3278 1143 3372 potiusque

198 3393 338 3475 refello,
375 3411 509 3485 propter
534 3395 569 3460 id
593 3396 680 3486 qnod
706 3395 843 3463 dilucide
865 3396 997 3464 docetur
1018 3426 1036 3463 a
1056 3399 1143 3489 poli-

209 3512 341 3576 tioribus
377 3500 530 3601 physicis,
566 3512 756 3600 singularum
783 3539 889 3580 rerum
911 3513 1042 3602 singulas
1062 3541 1142 3607 pro-

209 3629 356 3714 prietates
389 3631 488 3696 esse.''
507 3669 552 3681 -
574 3679 598 3717 „
614 3632 657 3697 Ut
681 3650 780 3697 mater
799 3633 937 3718 geminos
960 3632 1142 3701 internoscit

243 3803 270 3867 (¹)
290 3801 338 3855 cr.
357 3805 457 3867 wytt.
485 3806 572 3855 erare.
597 3800 665 3855 Phil.
691 3780 756 3869 tog‘.
783 3807 827 3867 111,
853 3805 879 3868 9,
899 3806 915 3855 3
933 3812 958 3857 et
974 3807 1035 3872 tet
1052 3811 1082 3860 v.
1101 3809 1138 3862 et

205 3897 429 3959 senioretus,
457 3898 537 3950 Elem.
561 3898 643 3953 Meth.
671 3903 769 3961 rurae,
792 3903 820 3953 P.
840 3904 859 3963 1,
880 3901 946 3954 Prol.
966 3916 991 3968 p.
1012 3904 1063 3955 362
1080 3920 1137 3969 sqq.

208 3995 236 4059 (ἢ
256 3994 335 4047 trad.
354 3998 386 4059 11,
406 3996 448 4057 16,
468 3997 509 4048 17.
548 3994 574 4060 (³)
595 3994 673 4048 Acnd.
693 3998 724 4059 Η,
745 3998 788 4048 18.
