2756 4830
614 438 679 510 293

171 623 316 700 Φιλόλαος
339 623 529 718 Πυθαγόρειος
555 625 600 700 ἦν.
627 629 688 704 ἔθος
713 624 747 694 di
777 623 812 699 ἦν
829 629 886 702 τοῖς
901 623 1102 721 Πυθαγορείοις

169 744 211 814 δι’
242 751 421 841 αἰνιγμάτων
451 752 555 841 λέγειν.
584 755 688 821 τούτων
718 754 778 843 γάρ
807 755 825 824 ἡ
856 759 962 825 σιωπή·
984 752 1101 822 ἐνθακ-

168 875 292 962 νυμένωυ
324 873 380 941 θεά
407 885 456 952 τῆς
483 886 593 952 σιωπῆς
623 877 655 974 τό
679 876 839 969 άπόόρητον
866 883 914 943 τοῦ
944 878 1026 966 θεοῦ,
1068 879 1100 946 όν

165 999 314 1086 μιμεῖσθαι
342 997 394 1066 dai
406 1001 454 1066 τόν
476 1002 636 1092 φιλόσοφον.
656 997 690 1073 ἦν
704 1000 738 1066 δὲ
755 1001 893 1077 Φιλολαος
908 1003 924 1067 ό
938 1003 1024 1069 εἰπών
1037 1003 1093 1092 (¹),

165 1128 207 1189 ότι
242 1124 274 1191 οὐ
304 1121 356 1191 θεῖ
377 1123 490 1216 ἐξάγειν
516 1125 613 1193 ἑαυτὸν
638 1120 678 1192 δι’
706 1122 896 1215 αἰνιγμάτων·
927 1127 1009 1217 ἔλεγε
1034 1129 1095 1219 γάρ

161 1250 275 1316 ἀπιόντι
303 1251 340 1326 εἰς
367 1251 461 1341 ἱερόν,
487 1251 520 1316 οὐ
538 1250 589 1317 dci
603 1250 804 1342 ε”πιςρέφεσθαι
833 1249 882 1314 καὶ
910 1251 939 1316 ἐν
965 1248 1026 1340 tuq>
1051 1254 1093 1340 μὴ

161 1375 277 1461 σχίζειν
318 1372 402 1453 ξύλα.
445 1373 550 1449 ε’θήλου
591 1374 756 1463 dimico,
798 1370 923 1462 (τουτέςι
948 1370 1026 1466 (²))
1050 1379 1092 1464 μὴ

161 1501 250 1587 σχίζε
278 1499 327 1566 κατ’
353 1503 436 1589 τέμνε
461 1498 538 1586 βίον·
566 1499 630 1575 idi:
656 1502 716 1590 γάρ
742 1501 756 1564 ὁ
785 1499 858 1585 βίος.
885 1500 917 1565 τό
943 1497 978 1566 δὲ
1003 1499 1094 1589 μελε-

161 1633 216 1709 τᾷυ
242 1627 363 1693 θάνατον
389 1623 493 1698 ἐδήλου
517 1623 572 1691 θεά
598 1626 630 1691 τό
656 1626 779 1691 ἀπιόντα
806 1625 844 1698 εἷς
872 1622 945 1715 ἱερόν
970 1626 1011 1712 μὴ
1024 1624 1096 1692 ε’πι-

160 1753 328 1843 ςρέρεσθαι.
368 1751 440 1842 ἱερόν
464 1753 524 1842 γάρ
549 1753 565 1817 ὁ
589 1751 681 1817 ’ἐκεῖσε
706 1749 778 1835 βίος·
807 1751 903 1841 πατὴρ
928 1750 987 1839 γάρ
1012 1752 1096 1838 ἡμῶν

159 1875 209 1941 καὶ
234 1876 337 1968 πατρὶς
362 1877 430 1942 ε’νιεῖ.
458 1877 557 1965 ἔλεγεν
581 1867 629 1940 οὖν
655 1880 726 1963 ὅτι,
759 1873 936 1966 καθαρτικῶς
966 1880 1027 1953 ζῶν
1050 1878 1093 1963 μὴ

158 2001 337 2093 ἐπες-μόρου,
379 2003 518 2087 τουτέςι,
561 2003 603 2089 μὴ
644 1998 786 2066 θιάκοπτε
830 2002 881 2070 τὴν
915 2000 1090 2093 καθαρτικὴν

157 2132 245 2202 ζωήν.
288 2125 369 2214 ἔλεγε
394 2122 428 2190 δὲ
454 2123 502 2190 καὶ
528 2124 643 2212 ἄλλως,
670 2127 711 2212 μὴ
738 2122 852 2214 ἐξάγειν
878 2125 984 2191 ἑαυτόν·
1012 2124 1088 2194 θιότι

157 2251 349 2342 Πυθαγόρειον
373 2249 570 2341 παράγγελμα
596 2251 636 2338 μὴ
661 2249 853 2337 άποτιθέυαι,
870 2249 950 2314 ἀλλά
965 2275 1089 2319 συνεπι-

155 2377 259 2442 τιθέναι
299 2376 389 2468 βάρη·
418 2376 529 2449 τουτέςι
557 2378 753 2464 συμπράττειν
778 2383 812 2462 τῇ
841 2380 925 2463 ζωῇ,
953 2376 1003 2441 ονἰκ
1027 2377 1086 2442 ἀν.

154 2508 319 2593 τιπράττειν
344 2500 391 2567 de‘.

197 2620 243 2710 Q.
266 2620 442 2702 Sextius,
466 2618 556 2704 cujus
579 2617 791 2682 meminerunt
815 2616 960 2708 plerique
973 2617 1081 2703 Stoici,

152 2739 187 2802 in
219 2737 329 2827 primis
364 2735 511 2803 Seneca
538 2729 597 2819 (ὅ),
619 2758 636 2796 a
661 2756 750 2824 quo,
778 2749 813 2798 ut
833 2731 1041 2821 distinguatur
1062 2762 1081 2802 a

151 2851 241 2933 filio,
263 2868 392 2921 vocatur
412 2852 459 2940 Q.
483 2849 642 2917 Sextius
670 2865 782 2938 pater,
804 2851 887 2915 inter
918 2851 1078 2941 Pythago-

149 2992 218 3037 reos
254 2967 345 3055 vulgo
378 2982 584 3048 numeratur,
622 2989 815 3055 quamquam
855 2968 1013 3032 sententiis
1047 2984 1079 3033 et

148 3083 281 3152 decretis
317 3081 358 3152 ad
381 3083 517 3151 Stoicam
539 3079 772 3174 philosophiam
792 3082 925 3172 propius
966 3107 1075 3151 acces-

49 3278 56 3291 *
146 3203 221 3268 serit
252 3200 304 3289 (⁴).
352 3200 524 3266 Senecae
555 3199 648 3264 verba
672 3195 765 3282 digua
788 3213 884 3279 sunt,
908 3218 989 3290 qnae
1022 3199 1078 3268 hic

145 3317 387 3400 describantur,
417 3316 540 3405 quippe
574 3336 653 3401 quae
683 3313 825 3379 eximiam
848 3315 914 3400 ejus
951 3313 1076 3382 laudem

146 3509 278 3522 *ι-

144 3599 196 3648 Ms.
215 3594 235 3646 l.
254 3609 281 3661 p.
299 3594 317 3643 lt
335 3598 361 3644 et
378 3593 404 3645 t.
424 3590 463 3644 Cf.
482 3593 580 3656 wytt.
602 3585 630 3638 in
647 3590 744 3642 Annot.
763 3587 797 3639 ad
818 3589 898 3642 Plat.
918 3552 1074 3659 Phaedp.¹
1177 3617 1178 3620 =

142 3694 193 3743 130
221 3705 262 3757 sq.
299 3688 326 3754 (¹)
346 3685 492 3739 Articulum
519 3683 742 3750 transponendum
760 3682 840 3747 duxi3
861 3683 888 3736 in
905 3689 956 3739 Ms.
974 3685 1072 3753 legitur

141 3794 155 3850 ‘o
176 3792 300 3854 Φιλόλαος
319 3791 409 3847 εἰπὼν.
452 3794 480 3859 (2)
500 3797 571 3844 Hanc
590 3805 699 3854 vocem,
720 3797 804 3841 ortam
824 3789 947 3842 fortassis
967 3806 1073 3859 eptae·
1133 3793 1137 3797 '

111 3902 241 3957 ‘cedenti
266 3903 366 3967 τοῦτο,
397 3899 534 3953 delendam
554 3903 654 3966 putem.
691 3896 719 3961 (θ)
738 3901 802 3965 Epp.
822 3898 865 3963 ct,
885 3900 944 3954 108.
982 3897 1010 3965 (θ)
1029 3900 1070 3955 ef.

139 3999 227 4069 Lips.
246 4005 316 4056 Man.
336 3998 370 4076 ad
388 3995 466 4053 Stoic.
484 3993 551 4048 rhit.
571 3999 591 4058 1,
618 3991 683 4047 diss.
702 3994 728 4047 6.
