2712 4842
616 445 681 511 247

182 598 255 713 scii,
285 630 415 717 icferre
446 624 601 710 mertem,
631 636 766 695 mortem
800 638 1016 720 spontaneam
1049 628 1118 718 (¹),

175 748 392 836 procurrere
412 743 460 809 cd
488 755 623 811 mortem
657 744 720 834 (²),
764 756 900 813 mortem
933 747 1118 814 adsciscere

181 861 230 929 sel
264 862 425 951 occupare
448 857 512 949 (³),
537 863 629 926 ultre
651 885 686 927 se
707 867 808 929 morli
827 862 948 950 offerre
971 862 1114 951 (1),υο-

182 981 336 1044 luntcria
373 990 476 1044 morte
507 979 596 1044 obire
618 977 682 1065 (⁸),
714 982 910 1046 voluntaria
933 989 1037 1046 merle
1058 983 1114 1045 ci-

179 1097 281 1162 cendi
314 1095 529 1185 cupiditatem
562 1095 697 1160 calcare
728 1093 795 1186 (⁶),
827 1105 962 1162 mortem
985 1097 1117 1161 sibimet

179 1217 332 1298 irrcqare
352 1210 415 1298 (⁷),
437 1214 608 1300 migrare,
631 1215 777 1298 miqsare
798 1210 840 1277 de
861 1211 909 1279 vel
932 1236 950 1277 e
971 1216 1041 1277 vila
1054 1211 1113 1301 (⁸),

178 1354 202 1395 a
235 1333 305 1394 cita
336 1329 429 1403 abire
461 1326 509 1394 vel
545 1326 724 1393 desciscere
743 1325 813 1417 (1),
836 1331 946 1393 evita
972 1328 1112 1393 excede·

178 1468 217 1511 re
240 1441 322 1533 (¹⁰),
346 1448 438 1509 exire
473 1442 514 1508 de
536 1442 585 1509 vel
609 1466 627 1508 e
650 1448 721 1508 vite
741 1441 821 1531 (¹¹),
844 1447 915 1509 cita
948 1466 983 1508 se
1005 1448 1112 1531 ipsum

173 1564 314 1651 privare
326 1559 405 1649 (1²),
427 1583 490 1625 suc
512 1561 576 1624 sibi
595 1581 698 1624 manre
720 1562 822 1624 vitem
845 1557 1110 1647 exhaurire(¹⁸),

175 1678 342 1768 projicere
364 1678 510 1741 animam
523 1672 590 1764 (11),
614 1676 679 1740 sibi
698 1698 765 1739 reon
779 1697 926 1764 parcere
935 1671 1004 1761 (¹⁸),
1028 1673 1113 1740 alise.

223 1794 269 1860 Ut
296 1791 394 1859 Stoici
431 1806 533 1858 totum
560 1789 719 1857 mundum
738 1815 836 1856 unam
860 1788 992 1857 deorum
1019 1807 1116 1879 etque

178 1907 346 1976 hominum
368 1929 568 1974 communem
590 1907 758 1988 civitatem,
778 1907 821 1973 ite
841 1922 1113 1998 corpusncstsum

178 2025 287 2091 animi·
308 2038 527 2110 tegumentum
556 2023 620 2090 sive
640 2022 772 2091 domum
791 2025 962 2116 ipsumque
978 2025 1074 2089 animi
1095 2049 1114 2090 e

179 2164 310 2231 corpore
337 2138 505 2207 discessum
536 2140 741 2225 egressionem
775 2162 815 2205 ex
851 2163 914 2205 une
954 2137 1050 2207 domo
1077 2141 1113 2205 in

176 2257 305 2324 alteram
337 2280 399 2322 esse
422 2253 595 2338 dicebant,
630 2253 720 2346 quod
742 2279 818 2325 eum
837 2254 912 2341 elii,
934 2272 1004 2324 tum
1034 2281 1114 2351 pree

178 2377 288 2445 esteris
309 2374 525 2462 Epictetus
546 2368 667 2440 docuit.

222 2487 434 2559 Contendunt
469 2488 633 2581 Lipsius
657 2486 737 2580 (¹⁶),
765 2486 1005 2558 Stiudlinus
1028 2484 1107 2580 (¹⁷),

177 2703 251 2753 eon,
279 2692 310 2743 L.
335 2693 348 2741 1
373 2688 435 2743 Ccd.
460 2687 541 2751 ecd.,
567 2692 598 2743 L.
622 2691 696 2752 LXV,
715 2687 734 2755 5
751 2688 769 2740 2
786 2686 846 2755 Dig.
865 2686 899 2740 ds
914 2687 969 2755 jur.
986 2686 1061 2751 fise,
1079 2691 1111 2742 L.

176 2787 309 2850 XXXVIII,
328 2785 347 2851 δ
365 2785 399 2836 12
415 2782 476 2850 Dig.
495 2784 528 2836 de
543 2799 637 2853 poen„
655 2787 685 2838 L.
703 2787 804 2836 XXXVI
816 2781 899 2851 prius.
910 2780 971 2850 DIg.
985 2781 1018 2835 de
1029 2783 1111 2849 furt„

176 2883 206 2934 L.
225 2883 247 2944 1,
265 2881 284 2947 §
301 2879 405 2946 22Dig.
416 2879 514 2933 desen.
527 2894 601 2934 ecus.
614 2877 660 2932 sil.
699 2877 726 2943 (¹)
745 2882 826 2945 Aug.
836 2886 906 2933 sont.
919 2877 1022 2933 Geud.
1035 2882 1056 2943 I,
1066 2881 1111 2941 31,

177 2975 210 3028 Ile
227 2979 283 3029 Pet.
303 2989 327 3029 e.
346 2977 390 3037 13,
408 2974 440 3026 de
457 2972 512 3028 Civ.
534 2971 583 3028 Dei
602 2978 624 3036 1,
643 2974 688 3038 21,
706 2975 750 3038 26,
762 2977 828 3038 XIX,
840 2974 867 3027 3.
897 2974 924 3039 (1)
943 2971 1026 3028 Plin.
1044 2977 1111 3041 Epp.

176 3075 198 3133 Ι,
217 3072 260 3126 22.
298 3070 324 3138 (1)
344 3075 374 3126 L.
391 3074 415 3122 II
433 3070 495 3125 cod.
515 3069 561 3138 qui
578 3077 640 3124 test.
659 3070 710 3123 fes.
729 3085 801 3138 poss.
820 3070 862 3124 vel
878 3084 951 3136 non,
970 3073 1042 3124 sen.
1065 3073 1110 3125 Tr.

176 3172 271 3222 Here.
289 3171 356 3222 Oet.
374 3169 435 3232 Tre,
454 3168 515 3221 881.
553 3165 579 3233 (1)
599 3169 689 3220 Caes.
711 3165 743 3219 de
761 3170 791 3221 B.
810 3169 842 3221 G.
861 3169 915 3231 VII,
937 3183 963 3234 p.
983 3167 1042 3220 333.
1081 3164 1109 3232 (1)

176 3266 266 3317 Suet.
295 3261 323 3315 iu
348 3262 467 3328 Galba,
497 3276 519 3314 c.
547 3264 573 3317 3.
617 3262 643 3328 (1)
668 3266 765 3316 Amm.
790 3266 887 3315 Mare.
911 3265 999 3327 XXIX,
1018 3263 1043 3316 3.
1081 3260 1110 3327 (1)

177 3364 250 3414 Tac.
277 3362 347 3412 Ann.
365 3362 408 3423 lv,
428 3360 471 3422 10,
489 3363 518 3413 L.
537 3362 581 3423 III,
600 3359 619 3425 δ
635 3356 721 3424 snig.
734 3356 852 3410 debonis
862 3372 961 3412 sorum.
999 3357 1025 3423 (⁸)
1045 3355 1109 3413 Cic.

175 3455 209 3506 ds
233 3453 294 3509 Tin.
318 3457 362 3519 III,
388 3456 432 3517 18,
458 3458 479 3518 I,
510 3455 554 3519 19,
578 3454 658 3507 Vell.
676 3459 744 3507 Pet.
774 3459 806 3507 II.
834 3458 867 3518 R,
892 3452 1110 3518 1,11,0ic.de

174 3554 241 3619 Rep.
265 3553 309 3614 VI,
337 3551 380 3604 15.
419 3549 447 3616 (1)
466 3554 544 3603 Tusc.
564 3555 584 3612 I,
604 3551 647 3611 30,
666 3550 699 3602 de
715 3549 775 3604 Fin.
794 3554 838 3615 III,
857 3552 900 3605 18.
939 3550 978 3616 (11)
998 3551 1030 3603 de
1047 3550 1109 3606 Tin.

173 3647 215 3701 LI.
253 3645 293 3712 (11)
313 3643 401 3700 Plin.
418 3649 485 3715 Epp.
504 3650 549 3711 III,
567 3647 594 3709 9,
612 3650 634 3706 I,
654 3647 698 3700 22.
736 3645 775 3712 (11)
795 3645 858 3700 Cis.
878 3645 910 3697 de
927 3649 999 3700 Oret.
1018 3652 1063 3713 111,
1082 3651 1110 3704 3.

178 3742 217 3809 (11)
239 3758 286 3811 pro
315 3745 399 3797 Sext.
418 3757 441 3797 e.
460 3743 503 3797 21.
542 3740 582 3807 (11)
600 3740 688 3809 virg.
707 3744 774 3796 Aen.
793 3745 836 3806 VI,
854 3743 915 3796 133.
952 3742 992 3811 (11)
1014 3748 1044 3800 L.
1064 3750 1110 3812 III,

174 3839 194 3905 ὅ
210 3840 228 3891 6
244 3836 304 3906 Dig.
324 3838 358 3891 de
379 3837 443 3894 bon.
461 3853 515 3892 eor.
552 3836 591 3904 (11)
611 3841 677 3905 opp.
697 3841 727 3892 T.
745 3842 777 3901 II,
797 3840 869 3892 CenI.
889 3836 1054 3910 TMisc.,Ep.
1064 3842 1110 3907 22,

174 3950 202 4004 p.
222 3936 366 3989 118111.
384 3938 427 4000 IV,
450 3939 522 3989 Man.
543 3932 577 3986 ed
595 3932 672 3986 Stsis.
691 3930 758 3986 Phil.
777 3937 821 3998 III,
840 3932 905 3988 diss.
924 3935 968 3999 22,
989 3937 1031 3990 23.
1069 3937 1109 4004 (11)

176 4032 270 4087 Geseh.
289 4031 439 4087 derverst.
457 4030 513 4084 und
531 4029 632 4084 Lehren
658 4044 721 4084 vom
748 4029 868 4085 Serstm.
896 4034 922 4087 s.
950 4034 984 4084 18
1009 4032 1037 4086 II.
