2798 4836
255 599 362 689 le'yus
375 598 416 666 de
438 601 554 691 quibus
573 626 670 695 supra
693 601 851 685 diximus,
880 619 916 668 ut
936 600 1215 692 retulitJustus¹

259 718 423 806 Lipsius
458 715 523 807 (¹),
560 720 616 806 qui
651 736 755 787 tamen
796 722 899 786 ineo
933 718 1072 793 fallitur.
1107 714 1197 804 quod

260 834 366 901 locum
387 833 595 900 Ciceronis
618 833 660 900 de
681 837 799 904 Natura
818 839 958 903 Deorum
981 834 1023 924 (²)
1045 833 1085 900 ad
1105 833 1196 902 Stoi·

263 975 334 1017 cam
365 948 544 1016 doctrinam
565 951 687 1036 refert,
711 954 768 1043 qui
792 954 860 1019 siue
882 950 983 1019 dubio
1003 949 1045 1016 ad
1068 951 1196 1040 Epicu·

263 1091 390 1135 reorum
407 1067 683 1157 reprehensionem
703 1070 865 1160 perticeta
890 1117 912 1150 ‚,
923 1068 1049 1136 Semina
1065 1065 1200 1132 deorum
1237 1086 1245 1109 ·

265 1181 414 1250 decidisse
435 1180 476 1248 de
499 1183 583 1250 caelo
609 1185 642 1249 iu
660 1200 755 1249 terras
773 1200 936 1275 putamus,
965 1201 997 1249 et
1024 1183 1069 1249 sic
1091 1182 1199 1249 homi-

264 1325 320 1368 nes
351 1318 479 1391 patrum
504 1299 616 1366 similes
653 1301 833 1367 exsutisse.=”
884 1296 948 1367 Sed
971 1297 1032 1366 alio
1049 1295 1198 1364 locedi-

265 1433 345 1483 serte
366 1440 404 1481 cx
426 1416 535 1483 Stoica*
552 1418 671 1482 ratione
693 1415 990 1504 loquiturCieero
1003 1413 1057 1503 (ἢκ
1082 1414 1201 1495 „Aui-

267 1532 329 1598 mal
360 1532 423 1598 hoc
454 1529 643 1622 providum,
678 1555 787 1618 sagax,
822 1531 1008 1620 multiplex,
1052 1547 1202 1610 acutum,

267 1671 411 1728 memor,
446 1647 577 1737 plenum
598 1648 726 1717 rationis
752 1664 784 1712 ct
805 1646 948 1729 consilii,
987 1662 1083 1735 quem
1105 1670 1202 1712 voca-

268 1787 338 1830 mus
361 1763 544 1845 hominem,
568 1761 722 1851 praeclara
746 1761 883 1852 quadam
906 1759 1086 1831 conditione
1103 1784 1202 1847 geue-

268 1894 373 1944 ratum
392 1900 455 1941 esse
476 1903 493 1941 a
513 1901 661 1968 supremo
683 1881 774 1961 De03
799 1879 900 1945 solum
924 1895 970 1944 est
992 1880 1077 1943 enim
1098 1901 1137 1942 ex
1160 1892 1206 1942 tot

270 1995 475 2060 animantium
503 1993 669 2079 generibus
705 2010 800 2083 atque
824 1996 943 2060 naturis
966 1995 1124 2086 particeps
1149 1994 1204 2058 ral-

273 2113 364 2178 tionis
397 2128 428 2177 et
449 2112 660 2197 cogitationis,
686 2135 786 2200 quum
809 2127 910 2177 cetera
933 2112 997 2175 sint
1023 2111 1126 2175 omnia
1145 2132 1205 2173 ex-

272 2230 407 2321 pertia.'’
430 2231 599 2317 Propterea
622 2226 763 2293 animalia
782 2243 815 2292 ct
838 2225 960 2316 reliqua
982 2228 1085 2294 omnia
1098 2225 1207 2292 homi·

273 2370 354 2410 num
374 2367 476 2411 caussa
497 2358 597 2409 creata
616 2365 703 2423 esse,
730 2343 982 2435 Chrysippus
1013 2347 1140 2423 tenebat
1157 2341 1210 2428 (⁸).
1301 2394 1304 2403 Δ

276 2463 382 2528 Latius
422 2459 463 2525 dc
497 2458 654 2524 humanae
691 2475 819 2525 naturae
858 2449 1046 2550 praestantia
1081 2459 1213 2549 exponit

278 2578 423 2645 Cicero
444 2574 485 2641 de
506 2576 626 2641 Natura
648 2575 786 2640 Deorum
808 2573 861 2664 (⁵).

324 2693 536 2780 Agnationem
566 2691 734 2756 hominum
770 2716 844 2758 cum
878 2690 967 2772 diis,
1012 2691 1217 2759 similitudine

277 2809 373 2877 ducta
395 2833 434 2875 cx
463 2809 624 2895 agnatione
655 2805 841 2874 familiarum
864 2810 1119 2890 inanitatibus,
1156 2833 1216 2874 ex·

282 2928 379 3017 plicat
412 2925 566 2995 Cicero,
590 2920 633 3009 (θ)
668 2944 706 2990 cx
728 2922 834 2992 Stoica
856 2926 996 3008 ratione,
1018 2925 1081 2992 hoc
1099 2923 1216 2992 modos

283 3043 493 3133 „Perpetuis
511 3041 653 3106 cursibus
683 3043 1001 3131 moversionibusque
1035 3042 1220 3109 coelestibus

288 3208 419 3220 auu-ut·-

320 3290 348 3355 (Ι)
367 3290 445 3365 Phys.
474 3289 551 3342 Stoic.
577 3293 621 3350 111,
640 3288 705 3340 diss.
723 3290 750 3341 4.
787 3289 816 3354 (²)
836 3292 856 3350 1,
875 3291 918 3343 32.
956 3290 984 3355 (³)
1003 3290 1036 3342 de
1054 3294 1135 3357 Legg.
1154 3294 1175 3353 l,
1193 3293 1220 3344 7.·

286 3388 313 3454 (⁸)
341 3387 405 3442 Cic.
432 3388 465 3440 de
494 3385 552 3441 Fiu.
583 3389 626 3448 111,
656 3385 701 3437 20.
729 3384 915 3450 Musonius,
945 3386 1221 3453 muretensem.

286 3488 394 3547 cxvrn,
414 3483 546 3537 hominem
564 3488 638 3534 vocat
656 3478 799 3551 imaginem
815 3478 878 3544 Dei,
899 3482 1062 3539 Stobaeus
1089 3481 1116 3533 iu
1129 3483 1223 3569 'Flam

286 3609 313 3659 p.
327 3590 543 3652 8700d,Gcsn.‚
557 3587 661 3659 μίμημα
671 3584 740 3650 Θεοῦ,
767 3560 1024 3654 Trismsgislus‚
1043 3584 1097 3639 θεὸν
1121 3586 1223 3645 θνητόν.

288 3688 316 3753 (⁵)
335 3692 366 3749 11,
386 3703 408 3739 c.
436 3688 479 3749 60,
507 3689 550 3738 61.
577 3683 625 3735 His
650 3682 800 3735 addendum
827 3684 953 3751 placitum
977 3685 1062 3739 simile
1082 3688 1225 3740 Stoicorum

287 3800 310 3838 c.
329 3785 372 3837 (52.
392 3788 470 3835 Porro
487 3796 540 3833 non
557 3788 598 3832 est
612 3776 770 3847 negligenda
787 3779 927 3847 descriptio
944 3783 1119 3849 praestantiae
1137 3785 1226 3836 huma·

287 3895 337 3931 uae
365 3880 398 3932 ab
424 3878 510 3946 ipsius
537 3876 639 3943 origiue
667 3875 813 3943 repetitae,
852 3878 922 3944 apud
954 3879 1167 3943 Ciceronem,
1195 3880 1229 3931 de

287 3982 368 4044 Legg.
387 3980 410 4042 1,
426 3978 452 4029 7.
491 3975 518 4039 (ὅ)
538 3974 569 4026 de
587 3977 668 4040 legg.
688 3977 708 4036 1,
727 3975 755 4026 8.
