<?xml version="1.0" encoding="UTF-8"?>
<!DOCTYPE html PUBLIC "-//W3C//DTD XHTML 1.0 Transitional//EN"
    "http://www.w3.org/TR/xhtml1/DTD/xhtml1-transitional.dtd">
<html xmlns="http://www.w3.org/1999/xhtml" xml:lang="en" lang="en">
 <head>
  <title>
</title>
<meta http-equiv="Content-Type" content="text/html;charset=utf-8" />
  <meta name='ocr-system' content='tesseract 3.04.00' />
  <meta name='ocr-capabilities' content='ocr_page ocr_carea ocr_par ocr_line ocrx_word'/>
</head>
<body>
  <div class='ocr_page' id='page_1' title='image "./periteseulogoue00baumgoog_0023.png"; bbox 0 0 2798 4836; ppageno 0'>
   <div class='ocr_carea' id='block_1_1' title="bbox 743 443 766 510">
    <p class='ocr_par' dir='ltr' id='par_1_1' title="bbox 743 443 766 510">
     <span class='ocr_line' id='line_1_1' title="bbox 743 443 766 510; baseline 0 0"><span class='ocrx_word' id='word_1_1' title='bbox 743 443 766 510; x_wconf 78' lang='lat' dir='ltr'>t</span> 
     </span>
    </p>
   </div>
   <div class='ocr_carea' id='block_1_2' title="bbox 286 624 1219 1294">
    <p class='ocr_par' dir='ltr' id='par_1_2' title="bbox 286 624 1219 1294">
     <span class='ocr_line' id='line_1_2' title="bbox 288 624 1219 713; baseline -0.003 -19"><span class='ocrx_word' id='word_1_2' title='bbox 288 626 448 708; x_wconf 88' lang='lat' dir='ltr'>consului,</span> <span class='ocrx_word' id='word_1_3' title='bbox 491 649 531 691; x_wconf 90' lang='lat' dir='ltr'>ne</span> <span class='ocrx_word' id='word_1_4' title='bbox 561 624 710 692; x_wconf 87' lang='lat' dir='ltr'>lectorem</span> <span class='ocrx_word' id='word_1_5' title='bbox 742 627 855 691; x_wconf 81' lang='lat' dir='ltr'>nimiae</span> <span class='ocrx_word' id='word_1_6' title='bbox 886 626 1046 693; x_wconf 81' lang='lat' dir='ltr'><strong>citationes</strong></span> <span class='ocrx_word' id='word_1_7' title='bbox 1086 624 1219 713; x_wconf 73' lang='lat' dir='ltr'><strong>fatigent</strong></span> 
     </span>
     <span class='ocr_line' id='line_1_3' title="bbox 286 734 1218 832; baseline 0.001 -23"><span class='ocrx_word' id='word_1_8' title='bbox 286 744 495 831; x_wconf 83' lang='lat' dir='ltr'>orationisque</span> <span class='ocrx_word' id='word_1_9' title='bbox 516 764 614 807; x_wconf 89' lang='lat' dir='ltr'>nexus</span> <span class='ocrx_word' id='word_1_10' title='bbox 637 743 803 831; x_wconf 84' lang='lat' dir='ltr'>turbetur·</span> <span class='ocrx_word' id='word_1_11' title='bbox 829 743 1047 832; x_wconf 83' lang='lat' dir='ltr'>unusquisque</span> <span class='ocrx_word' id='word_1_12' title='bbox 1070 734 1156 811; x_wconf 83' lang='lat' dir='ltr'>enini</span> <span class='ocrx_word' id='word_1_13' title='bbox 1178 766 1218 810; x_wconf 88' lang='lat' dir='ltr'>ex</span> 
     </span>
     <span class='ocr_line' id='line_1_4' title="bbox 287 856 1214 949; baseline -0.001 -24"><span class='ocrx_word' id='word_1_14' title='bbox 287 860 463 946; x_wconf 79' lang='lat' dir='ltr'>argumenti</span> <span class='ocrx_word' id='word_1_15' title='bbox 488 874 601 924; x_wconf 88' lang='lat' dir='ltr'>natura</span> <span class='ocrx_word' id='word_1_16' title='bbox 622 856 710 923; x_wconf 86' lang='lat' dir='ltr'>sacile</span> <span class='ocrx_word' id='word_1_17' title='bbox 728 857 895 944; x_wconf 80' lang='lat' dir='ltr'>intelliget,</span> <span class='ocrx_word' id='word_1_18' title='bbox 919 882 969 924; x_wconf 88' lang='lat' dir='ltr'>me</span> <span class='ocrx_word' id='word_1_19' title='bbox 990 874 1054 924; x_wconf 84' lang='lat' dir='ltr'>taur</span> <span class='ocrx_word' id='word_1_20' title='bbox 1066 875 1214 949; x_wconf 80' lang='lat' dir='ltr'>antiqui</span> 
     </span>
     <span class='ocr_line' id='line_1_5' title="bbox 287 956 1213 1064; baseline -0.001 -23"><span class='ocrx_word' id='word_1_21' title='bbox 287 999 354 1042; x_wconf 89' lang='lat' dir='ltr'>ores</span> <span class='ocrx_word' id='word_1_22' title='bbox 372 999 470 1064; x_wconf 90' lang='lat' dir='ltr'>quam</span> <span class='ocrx_word' id='word_1_23' title='bbox 490 975 675 1041; x_wconf 82' lang='lat' dir='ltr'>recentiores</span> <span class='ocrx_word' id='word_1_24' title='bbox 693 976 860 1064; x_wconf 90' lang='lat' dir='ltr'>scriptores</span> <span class='ocrx_word' id='word_1_25' title='bbox 885 956 1044 1041; x_wconf 86' lang='lat' dir='ltr'>consulere</span> <span class='ocrx_word' id='word_1_26' title='bbox 1060 974 1213 1041; x_wconf 88' lang='lat' dir='ltr'>debuisse.</span> 
     </span>
     <span class='ocr_line' id='line_1_6' title="bbox 331 1088 1216 1180; baseline 0 -23"><span class='ocrx_word' id='word_1_27' title='bbox 331 1092 381 1157; x_wconf 83' lang='lat' dir='ltr'>Ex</span> <span class='ocrx_word' id='word_1_28' title='bbox 410 1092 546 1180; x_wconf 80' lang='lat' dir='ltr'>antiquis</span> <span class='ocrx_word' id='word_1_29' title='bbox 569 1092 703 1156; x_wconf 84' lang='lat' dir='ltr'>mexiine</span> <span class='ocrx_word' id='word_1_30' title='bbox 722 1089 801 1160; x_wconf 87' lang='lat' dir='ltr'>mihi</span> <span class='ocrx_word' id='word_1_31' title='bbox 825 1107 948 1178; x_wconf 88' lang='lat' dir='ltr'>praesto</span> <span class='ocrx_word' id='word_1_32' title='bbox 972 1088 1101 1159; x_wconf 84' lang='lat' dir='ltr'>fuerunt</span> <span class='ocrx_word' id='word_1_33' title='bbox 1121 1092 1216 1158; x_wconf 86' lang='lat' dir='ltr'>Dio-</span> 
     </span>
     <span class='ocr_line' id='line_1_7' title="bbox 288 1206 1218 1294; baseline -0.002 -21"><span class='ocrx_word' id='word_1_34' title='bbox 288 1230 414 1294; x_wconf 82' lang='lat' dir='ltr'>genes</span> <span class='ocrx_word' id='word_1_35' title='bbox 444 1210 665 1280; x_wconf 84' lang='lat' dir='ltr'>La&#39;e&#39;rtius.</span> <span class='ocrx_word' id='word_1_36' title='bbox 690 1207 923 1286; x_wconf 87' lang='lat' dir='ltr'>Stobaeus,</span> <span class='ocrx_word' id='word_1_37' title='bbox 965 1223 1028 1273; x_wconf 89' lang='lat' dir='ltr'>tam</span> <span class='ocrx_word' id='word_1_38' title='bbox 1052 1209 1086 1272; x_wconf 89' lang='lat' dir='ltr'>in</span> <span class='ocrx_word' id='word_1_39' title='bbox 1108 1206 1218 1293; x_wconf 86' lang='lat' dir='ltr'>eclogis</span> 
     </span>
    </p>
   </div>
   <div class='ocr_carea' id='block_1_3' title="bbox 241 1316 1215 1415">
    <p class='ocr_par' dir='ltr' id='par_1_3' title="bbox 241 1316 1215 1415">
     <span class='ocr_line' id='line_1_8' title="bbox 241 1316 1215 1415; baseline 0 -27"><span class='ocrx_word' id='word_1_40' title='bbox 241 1316 243 1323; x_wconf 48' lang='lat'><strong>¹</strong></span> <span class='ocrx_word' id='word_1_41' title='bbox 288 1323 425 1415; x_wconf 74' lang='lat' dir='ltr'>physicis</span> <span class='ocrx_word' id='word_1_42' title='bbox 454 1340 486 1389; x_wconf 89' lang='lat' dir='ltr'>et</span> <span class='ocrx_word' id='word_1_43' title='bbox 506 1323 634 1407; x_wconf 83' lang='lat' dir='ltr'>ethicis,</span> <span class='ocrx_word' id='word_1_44' title='bbox 667 1348 764 1410; x_wconf 91' lang='lat' dir='ltr'>quam</span> <span class='ocrx_word' id='word_1_45' title='bbox 788 1323 822 1388; x_wconf 88' lang='lat' dir='ltr'>in</span> <span class='ocrx_word' id='word_1_46' title='bbox 845 1321 1017 1410; x_wconf 81' lang='lat' dir='ltr'>florilegio,</span> <span class='ocrx_word' id='word_1_47' title='bbox 1053 1322 1215 1389; x_wconf 88' lang='lat' dir='ltr'>Plutar-</span> 
     </span>
    </p>
   </div>
   <div class='ocr_carea' id='block_1_4' title="bbox 285 1436 1244 3973">
    <p class='ocr_par' dir='ltr' id='par_1_4' title="bbox 285 1436 1217 2438">
     <span class='ocr_line' id='line_1_9' title="bbox 289 1436 1217 1531; baseline -0.004 -24"><span class='ocrx_word' id='word_1_48' title='bbox 289 1440 406 1520; x_wconf 90' lang='lat' dir='ltr'>chus,</span> <span class='ocrx_word' id='word_1_49' title='bbox 442 1442 475 1505; x_wconf 92' lang='lat' dir='ltr'>in</span> <span class='ocrx_word' id='word_1_50' title='bbox 509 1441 656 1531; x_wconf 86' lang='lat' dir='ltr'>operibus</span> <span class='ocrx_word' id='word_1_51' title='bbox 688 1441 749 1505; x_wconf 91' lang='lat' dir='ltr'>suis</span> <span class='ocrx_word' id='word_1_52' title='bbox 781 1439 977 1522; x_wconf 83' lang='lat' dir='ltr'>moralibus,</span> <span class='ocrx_word' id='word_1_53' title='bbox 1012 1442 1144 1506; x_wconf 84' lang='lat' dir='ltr'>maxime</span> <span class='ocrx_word' id='word_1_54' title='bbox 1175 1436 1217 1504; x_wconf 91' lang='lat' dir='ltr'>de</span> 
     </span>
     <span class='ocr_line' id='line_1_10' title="bbox 287 1551 1216 1648; baseline -0.001 -25"><span class='ocrx_word' id='word_1_55' title='bbox 287 1558 502 1648; x_wconf 81' lang='lat' dir='ltr'>repugnantiis</span> <span class='ocrx_word' id='word_1_56' title='bbox 534 1551 716 1624; x_wconf 81' lang='lat' dir='ltr'>Stoietirum</span> <span class='ocrx_word' id='word_1_57' title='bbox 735 1572 768 1621; x_wconf 90' lang='lat' dir='ltr'>et</span> <span class='ocrx_word' id='word_1_58' title='bbox 788 1554 933 1623; x_wconf 89' lang='lat' dir='ltr'>adversus</span> <span class='ocrx_word' id='word_1_59' title='bbox 954 1555 1096 1640; x_wconf 88' lang='lat' dir='ltr'>Stoicos,</span> <span class='ocrx_word' id='word_1_60' title='bbox 1121 1556 1216 1623; x_wconf 86' lang='lat' dir='ltr'>Sex-</span> 
     </span>
     <span class='ocr_line' id='line_1_11' title="bbox 289 1670 1216 1764; baseline -0.001 -27"><span class='ocrx_word' id='word_1_61' title='bbox 289 1689 351 1737; x_wconf 91' lang='lat' dir='ltr'>tus</span> <span class='ocrx_word' id='word_1_62' title='bbox 386 1673 631 1764; x_wconf 88' lang='lat' dir='ltr'>Empirieus,</span> <span class='ocrx_word' id='word_1_63' title='bbox 664 1673 699 1736; x_wconf 89' lang='lat' dir='ltr'>in</span> <span class='ocrx_word' id='word_1_64' title='bbox 734 1672 845 1761; x_wconf 90' lang='lat' dir='ltr'>primis</span> <span class='ocrx_word' id='word_1_65' title='bbox 879 1674 914 1737; x_wconf 91' lang='lat' dir='ltr'>in</span> <span class='ocrx_word' id='word_1_66' title='bbox 950 1671 1037 1738; x_wconf 90' lang='lat' dir='ltr'>libris</span> <span class='ocrx_word' id='word_1_67' title='bbox 1070 1670 1216 1739; x_wconf 87' lang='lat' dir='ltr'>adversus</span> 
     </span>
     <span class='ocr_line' id='line_1_12' title="bbox 286 1786 1213 1880; baseline 0 -27"><span class='ocrx_word' id='word_1_68' title='bbox 286 1788 401 1874; x_wconf 84' lang='lat' dir='ltr'>logicos</span> <span class='ocrx_word' id='word_1_69' title='bbox 422 1805 453 1853; x_wconf 90' lang='lat' dir='ltr'>et</span> <span class='ocrx_word' id='word_1_70' title='bbox 473 1787 725 1868; x_wconf 87' lang='lat' dir='ltr'>mathematicos,</span> <span class='ocrx_word' id='word_1_71' title='bbox 754 1804 785 1852; x_wconf 91' lang='lat' dir='ltr'>et</span> <span class='ocrx_word' id='word_1_72' title='bbox 811 1789 845 1853; x_wconf 90' lang='lat' dir='ltr'>in</span> <span class='ocrx_word' id='word_1_73' title='bbox 870 1786 1096 1880; x_wconf 80' lang='lat' dir='ltr'>hypothesibus</span> <span class='ocrx_word' id='word_1_74' title='bbox 1131 1791 1213 1879; x_wconf 80' lang='lat' dir='ltr'>Pyr·</span> 
     </span>
     <span class='ocr_line' id='line_1_13' title="bbox 286 1903 1214 1997; baseline -0.001 -26"><span class='ocrx_word' id='word_1_75' title='bbox 286 1906 441 1986; x_wconf 86' lang='lat' dir='ltr'>rhonieis,</span> <span class='ocrx_word' id='word_1_76' title='bbox 466 1906 701 1997; x_wconf 88' lang='lat' dir='ltr'>Epictetus,</span> <span class='ocrx_word' id='word_1_77' title='bbox 724 1906 759 1969; x_wconf 92' lang='lat' dir='ltr'>in</span> <span class='ocrx_word' id='word_1_78' title='bbox 777 1903 984 1986; x_wconf 73' lang='lat' dir='ltr'>Erchia-idio,</span> <span class='ocrx_word' id='word_1_79' title='bbox 1003 1905 1214 1986; x_wconf 87' lang='lat' dir='ltr'>Arrianus,</span> 
     </span>
     <span class='ocr_line' id='line_1_14' title="bbox 288 2017 1213 2115; baseline 0 -29"><span class='ocrx_word' id='word_1_80' title='bbox 288 2023 322 2086; x_wconf 90' lang='lat' dir='ltr'>in</span> <span class='ocrx_word' id='word_1_81' title='bbox 346 2023 407 2086; x_wconf 90' lang='lat' dir='ltr'>suis</span> <span class='ocrx_word' id='word_1_82' title='bbox 428 2017 693 2087; x_wconf 81' lang='lat' dir='ltr'>dissertationibus</span> <span class='ocrx_word' id='word_1_83' title='bbox 714 2018 755 2086; x_wconf 89' lang='lat' dir='ltr'>nd</span> <span class='ocrx_word' id='word_1_84' title='bbox 775 2021 1022 2112; x_wconf 86' lang='lat' dir='ltr'>Epictetum,</span> <span class='ocrx_word' id='word_1_85' title='bbox 1045 2020 1213 2115; x_wconf 90' lang='lat' dir='ltr'>Simpli-</span> 
     </span>
     <span class='ocr_line' id='line_1_15' title="bbox 288 2134 1213 2225; baseline -0.004 -20"><span class='ocrx_word' id='word_1_86' title='bbox 288 2141 393 2219; x_wconf 89' lang='lat' dir='ltr'>cius,</span> <span class='ocrx_word' id='word_1_87' title='bbox 417 2140 449 2203; x_wconf 91' lang='lat' dir='ltr'>in</span> <span class='ocrx_word' id='word_1_88' title='bbox 477 2154 702 2205; x_wconf 79' lang='lat' dir='ltr'>commentario</span> <span class='ocrx_word' id='word_1_89' title='bbox 723 2160 780 2202; x_wconf 94' lang='lat' dir='ltr'>suo</span> <span class='ocrx_word' id='word_1_90' title='bbox 811 2134 852 2201; x_wconf 89' lang='lat' dir='ltr'>ad</span> <span class='ocrx_word' id='word_1_91' title='bbox 875 2137 1140 2225; x_wconf 87' lang='lat' dir='ltr'>Epictetum,</span> <span class='ocrx_word' id='word_1_92' title='bbox 1164 2139 1213 2203; x_wconf 88' lang='grc' dir='ltr'>Μ.</span> 
     </span>
     <span class='ocr_line' id='line_1_16' title="bbox 286 2252 1213 2381; baseline -0.005 -59"><span class='ocrx_word' id='word_1_93' title='bbox 286 2256 559 2334; x_wconf 84' lang='lat' dir='ltr'>Antoninus,</span> <span class='ocrx_word' id='word_1_94' title='bbox 589 2252 767 2336; x_wconf 88' lang='lat' dir='ltr'>Suidas,</span> <span class='ocrx_word' id='word_1_95' title='bbox 804 2253 1008 2319; x_wconf 88' lang='lat' dir='ltr'>Cicero</span> <span class='ocrx_word' id='word_1_96' title='bbox 999 2277 1033 2317; x_wconf 87' lang='grc' dir='ltr'>ιιι</span> <span class='ocrx_word' id='word_1_97' title='bbox 1064 2255 1213 2381; x_wconf 88' lang='lat' dir='ltr'>operibus</span> 
     </span>
     <span class='ocr_line' id='line_1_17' title="bbox 285 2370 728 2438; baseline -0.005 -1"><span class='ocrx_word' id='word_1_98' title='bbox 285 2373 346 2437; x_wconf 89' lang='lat' dir='ltr'>suis</span> <span class='ocrx_word' id='word_1_99' title='bbox 366 2370 476 2437; x_wconf 88' lang='lat' dir='ltr'>ethicis</span> <span class='ocrx_word' id='word_1_100' title='bbox 496 2388 528 2436; x_wconf 88' lang='lat' dir='ltr'>et</span> <span class='ocrx_word' id='word_1_101' title='bbox 550 2371 728 2438; x_wconf 87' lang='lat' dir='ltr'>Seneca.</span> 
     </span>
    </p>

    <p class='ocr_par' dir='ltr' id='par_1_5' title="bbox 286 2484 1244 3973">
     <span class='ocr_line' id='line_1_18' title="bbox 330 2484 1212 2577; baseline -0.002 -23"><span class='ocrx_word' id='word_1_102' title='bbox 330 2491 418 2555; x_wconf 90' lang='lat' dir='ltr'>Inter</span> <span class='ocrx_word' id='word_1_103' title='bbox 456 2490 642 2555; x_wconf 88' lang='lat' dir='ltr'>recentiores</span> <span class='ocrx_word' id='word_1_104' title='bbox 676 2484 865 2551; x_wconf 87' lang='lat' dir='ltr'>numerandi</span> <span class='ocrx_word' id='word_1_105' title='bbox 897 2504 972 2552; x_wconf 89' lang='lat' dir='ltr'>snut</span> <span class='ocrx_word' id='word_1_106' title='bbox 1010 2489 1212 2577; x_wconf 89' lang='lat' dir='ltr'>Lipsius,</span> 
     </span>
     <span class='ocr_line' id='line_1_19' title="bbox 286 2601 1214 2694; baseline -0.003 -23"><span class='ocrx_word' id='word_1_107' title='bbox 286 2607 320 2671; x_wconf 89' lang='lat' dir='ltr'>in</span> <span class='ocrx_word' id='word_1_108' title='bbox 352 2603 597 2672; x_wconf 84' lang='lat' dir='ltr'>manuductione</span> <span class='ocrx_word' id='word_1_109' title='bbox 626 2601 666 2669; x_wconf 89' lang='lat' dir='ltr'>ad</span> <span class='ocrx_word' id='word_1_110' title='bbox 695 2603 831 2671; x_wconf 89' lang='lat' dir='ltr'>Stoicam</span> <span class='ocrx_word' id='word_1_111' title='bbox 854 2602 1087 2694; x_wconf 83' lang='lat' dir='ltr'>philosophiam</span> <span class='ocrx_word' id='word_1_112' title='bbox 1115 2620 1149 2670; x_wconf 91' lang='lat' dir='ltr'>et</span> <span class='ocrx_word' id='word_1_113' title='bbox 1178 2604 1214 2669; x_wconf 89' lang='lat' dir='ltr'>in</span> 
     </span>
     <span class='ocr_line' id='line_1_20' title="bbox 286 2717 1216 2813; baseline -0.002 -27"><span class='ocrx_word' id='word_1_114' title='bbox 286 2720 476 2813; x_wconf 78' lang='lat' dir='ltr'>physiologia</span> <span class='ocrx_word' id='word_1_115' title='bbox 511 2722 710 2797; x_wconf 85' lang='lat' dir='ltr'>Stoicorum,</span> <span class='ocrx_word' id='word_1_116' title='bbox 745 2717 953 2800; x_wconf 88' lang='lat' dir='ltr'>Buddeus,</span> <span class='ocrx_word' id='word_1_117' title='bbox 988 2719 1028 2783; x_wconf 91' lang='lat' dir='ltr'>de</span> <span class='ocrx_word' id='word_1_118' title='bbox 1059 2721 1216 2785; x_wconf 87' lang='lat' dir='ltr'>erroribus</span> 
     </span>
     <span class='ocr_line' id='line_1_21' title="bbox 288 2833 1215 2921; baseline -0.005 -16"><span class='ocrx_word' id='word_1_119' title='bbox 288 2839 488 2921; x_wconf 90' lang='lat' dir='ltr'>Stoicorum,</span> <span class='ocrx_word' id='word_1_120' title='bbox 524 2840 718 2917; x_wconf 87' lang='lat' dir='ltr'>Taurus,</span> <span class='ocrx_word' id='word_1_121' title='bbox 741 2833 781 2902; x_wconf 89' lang='lat' dir='ltr'>de</span> <span class='ocrx_word' id='word_1_122' title='bbox 802 2834 1104 2903; x_wconf 87' lang='lat' dir='ltr'>contradictionibus</span> <span class='ocrx_word' id='word_1_123' title='bbox 1125 2835 1215 2902; x_wconf 84' lang='lat' dir='ltr'>Stoi-</span> 
     </span>
     <span class='ocr_line' id='line_1_22' title="bbox 288 2950 1216 3043; baseline -0.005 -21"><span class='ocrx_word' id='word_1_124' title='bbox 288 2979 418 3037; x_wconf 87' lang='lat' dir='ltr'>corum,</span> <span class='ocrx_word' id='word_1_125' title='bbox 443 2957 486 3022; x_wconf 90' lang='lat' dir='ltr'>G.</span> <span class='ocrx_word' id='word_1_126' title='bbox 507 2956 537 3018; x_wconf 90' lang='lat' dir='ltr'>J.</span> <span class='ocrx_word' id='word_1_127' title='bbox 556 2954 729 3043; x_wconf 90' lang='lat' dir='ltr'>Vossius</span> <span class='ocrx_word' id='word_1_128' title='bbox 753 2954 852 3019; x_wconf 88' lang='lat' dir='ltr'>etJo.</span> <span class='ocrx_word' id='word_1_129' title='bbox 865 2950 953 3018; x_wconf 82' lang='lat' dir='ltr'>Alb.</span> <span class='ocrx_word' id='word_1_130' title='bbox 969 2953 1216 3033; x_wconf 86' lang='lat' dir='ltr'>Fabricius,</span> 
     </span>
     <span class='ocr_line' id='line_1_23' title="bbox 288 3067 1217 3157; baseline -0.002 -21"><span class='ocrx_word' id='word_1_131' title='bbox 288 3070 329 3137; x_wconf 89' lang='lat' dir='ltr'>de</span> <span class='ocrx_word' id='word_1_132' title='bbox 364 3070 606 3137; x_wconf 86' lang='lat' dir='ltr'>cavillationibus</span> <span class='ocrx_word' id='word_1_133' title='bbox 642 3071 843 3149; x_wconf 82' lang='lat' dir='ltr'>Stoicorum,</span> <span class='ocrx_word' id='word_1_134' title='bbox 870 3070 927 3135; x_wconf 90' lang='lat' dir='ltr'>Fr.</span> <span class='ocrx_word' id='word_1_135' title='bbox 951 3067 997 3132; x_wconf 88' lang='lat' dir='ltr'>de</span> <span class='ocrx_word' id='word_1_136' title='bbox 1018 3067 1217 3157; x_wconf 88' lang='lat' dir='ltr'>Quived0,</span> 
     </span>
     <span class='ocr_line' id='line_1_24' title="bbox 289 3183 1216 3271; baseline -0.001 -19"><span class='ocrx_word' id='word_1_137' title='bbox 289 3186 433 3254; x_wconf 89' lang='lat' dir='ltr'>doctrina</span> <span class='ocrx_word' id='word_1_138' title='bbox 464 3186 591 3268; x_wconf 87' lang='lat' dir='ltr'>Stoica,</span> <span class='ocrx_word' id='word_1_139' title='bbox 627 3188 667 3252; x_wconf 88' lang='grc' dir='ltr'>Ι).</span> <span class='ocrx_word' id='word_1_140' title='bbox 700 3186 900 3271; x_wconf 87' lang='lat' dir='ltr'>Heinsius,</span> <span class='ocrx_word' id='word_1_141' title='bbox 924 3186 1022 3251; x_wconf 88' lang='lat' dir='ltr'>oratio</span> <span class='ocrx_word' id='word_1_142' title='bbox 1045 3183 1086 3250; x_wconf 90' lang='lat' dir='ltr'>de</span> <span class='ocrx_word' id='word_1_143' title='bbox 1113 3183 1216 3251; x_wconf 85' lang='lat' dir='ltr'>Stoica</span> 
     </span>
     <span class='ocr_line' id='line_1_25' title="bbox 289 3300 1216 3396; baseline -0.003 -27"><span class='ocrx_word' id='word_1_144' title='bbox 289 3302 507 3396; x_wconf 88' lang='lat' dir='ltr'>philosophia,</span> <span class='ocrx_word' id='word_1_145' title='bbox 530 3305 852 3385; x_wconf 86' lang='lat' dir='ltr'>Roetenbeceius,</span> <span class='ocrx_word' id='word_1_146' title='bbox 875 3300 1036 3369; x_wconf 91' lang='lat' dir='ltr'>Stollius</span> <span class='ocrx_word' id='word_1_147' title='bbox 1066 3319 1098 3367; x_wconf 91' lang='lat' dir='ltr'>et</span> <span class='ocrx_word' id='word_1_148' title='bbox 1133 3303 1216 3367; x_wconf 90' lang='lat' dir='ltr'>Me-</span> 
     </span>
     <span class='ocr_line' id='line_1_26' title="bbox 289 3416 1217 3511; baseline -0.008 -24"><span class='ocrx_word' id='word_1_149' title='bbox 289 3421 393 3503; x_wconf 87' lang='lat' dir='ltr'>dius,</span> <span class='ocrx_word' id='word_1_150' title='bbox 416 3419 642 3486; x_wconf 88' lang='lat' dir='ltr'>dissertationes</span> <span class='ocrx_word' id='word_1_151' title='bbox 663 3416 704 3484; x_wconf 89' lang='lat' dir='ltr'>de</span> <span class='ocrx_word' id='word_1_152' title='bbox 735 3418 837 3485; x_wconf 86' lang='lat' dir='ltr'>Stoica</span> <span class='ocrx_word' id='word_1_153' title='bbox 857 3417 1076 3511; x_wconf 86' lang='lat' dir='ltr'>philosophia,</span> <span class='ocrx_word' id='word_1_154' title='bbox 1099 3419 1217 3484; x_wconf 88' lang='lat' dir='ltr'>Gata-</span> 
     </span>
     <span class='ocr_line' id='line_1_27' title="bbox 288 3534 1219 3628; baseline -0.006 -24"><span class='ocrx_word' id='word_1_155' title='bbox 288 3539 420 3620; x_wconf 82' lang='lat' dir='ltr'>herus,</span> <span class='ocrx_word' id='word_1_156' title='bbox 455 3535 627 3603; x_wconf 88' lang='lat' dir='ltr'>dissertatio</span> <span class='ocrx_word' id='word_1_157' title='bbox 655 3535 697 3601; x_wconf 91' lang='lat' dir='ltr'>de</span> <span class='ocrx_word' id='word_1_158' title='bbox 719 3534 883 3628; x_wconf 87' lang='lat' dir='ltr'>disciplina</span> <span class='ocrx_word' id='word_1_159' title='bbox 906 3534 1007 3628; x_wconf 83' lang='lat' dir='ltr'>Stoica</span> <span class='ocrx_word' id='word_1_160' title='bbox 1029 3558 1103 3602; x_wconf 81' lang='lat' dir='ltr'>cum</span> <span class='ocrx_word' id='word_1_161' title='bbox 1128 3535 1219 3602; x_wconf 88' lang='lat' dir='ltr'>sectis</span> 
     </span>
     <span class='ocr_line' id='line_1_28' title="bbox 288 3649 1217 3740; baseline -0.005 -19"><span class='ocrx_word' id='word_1_162' title='bbox 288 3655 353 3722; x_wconf 90' lang='lat' dir='ltr'>aliis</span> <span class='ocrx_word' id='word_1_163' title='bbox 378 3653 509 3731; x_wconf 85' lang='lat' dir='ltr'>collata,</span> <span class='ocrx_word' id='word_1_164' title='bbox 533 3651 613 3719; x_wconf 90' lang='lat' dir='ltr'>Sev.</span> <span class='ocrx_word' id='word_1_165' title='bbox 635 3652 885 3735; x_wconf 87' lang='lat' dir='ltr'>Wintberus,</span> <span class='ocrx_word' id='word_1_166' title='bbox 907 3649 949 3716; x_wconf 91' lang='lat' dir='ltr'>de</span> <span class='ocrx_word' id='word_1_167' title='bbox 972 3649 1045 3718; x_wconf 84' lang='lat' dir='ltr'>Stoa</span> <span class='ocrx_word' id='word_1_168' title='bbox 1061 3651 1217 3740; x_wconf 84' lang='lat' dir='ltr'>Epicurea</span> 
     </span>
     <span class='ocr_line' id='line_1_29' title="bbox 291 3764 1244 3857; baseline -0.006 -20"><span class='ocrx_word' id='word_1_169' title='bbox 291 3797 365 3838; x_wconf 89' lang='lat' dir='ltr'>eum</span> <span class='ocrx_word' id='word_1_170' title='bbox 388 3772 476 3837; x_wconf 91' lang='lat' dir='ltr'>sectis</span> <span class='ocrx_word' id='word_1_171' title='bbox 495 3768 558 3835; x_wconf 92' lang='lat' dir='ltr'>aliis</span> <span class='ocrx_word' id='word_1_172' title='bbox 581 3767 688 3835; x_wconf 88' lang='lat' dir='ltr'>collata</span> <span class='ocrx_word' id='word_1_173' title='bbox 710 3784 743 3834; x_wconf 91' lang='lat' dir='ltr'>et</span> <span class='ocrx_word' id='word_1_174' title='bbox 764 3767 1074 3853; x_wconf 84' lang='lat' dir='ltr'>Tiedemannus,</span> <span class='ocrx_word' id='word_1_175' title='bbox 1097 3764 1217 3857; x_wconf 73' lang='lat' dir='ltr'>System</span> <span class='ocrx_word' id='word_1_176' title='bbox 1242 3844 1244 3855; x_wconf 64' lang='lat'><strong>.</strong></span> 
     </span>
     <span class='ocr_line' id='line_1_30' title="bbox 289 3883 771 3973; baseline -0.008 -19"><span class='ocrx_word' id='word_1_177' title='bbox 289 3887 346 3954; x_wconf 88' lang='lat' dir='ltr'>der</span> <span class='ocrx_word' id='word_1_178' title='bbox 369 3885 537 3955; x_wconf 81' lang='lat' dir='ltr'>Sto‘ischen</span> <span class='ocrx_word' id='word_1_179' title='bbox 559 3883 771 3973; x_wconf 89' lang='lat' dir='ltr'>Philosophie.</span> 
     </span>
    </p>
   </div>
   <div class='ocr_carea' id='block_1_5' title="bbox 0 0 1406 4836">
    <p class='ocr_par' dir='ltr' id='par_1_6' title="bbox 0 0 1406 4836">
     <span class='ocr_line' id='line_1_31' title="bbox 0 0 1406 4836; baseline 0 0"><span class='ocrx_word' id='word_1_180' title='bbox 0 0 1406 4836; x_wconf 95' lang='lat' dir='ltr'> </span> 
     </span>
    </p>
   </div>
  </div>
 </body>
</html>
