2712 4842
708 382 773 449 256

269 585 334 631 non
369 580 522 658 possunt,
563 588 637 652 ergo
674 590 735 633 nec
767 587 888 633 caussae
920 587 983 630 csse
1015 589 1073 631 cur
1102 588 1120 631 e
1145 567 1206 634 vita

274 680 376 749 cedat.

315 801 365 866 Ex
389 798 437 866 bis
459 799 611 866 nimirum
634 816 787 891 apparet,
817 802 922 891 ipsum
945 794 1077 890 quidem
1101 797 1206 887 placi-

270 931 339 982 tum
364 918 484 1008 optime
513 919 679 985 convenire
702 942 776 984 cum
800 914 921 1006 reliqua
945 914 1126 981 Stoicorum
1139 913 1205 982 do·

269 1035 392 1117 ctrina,
427 1033 588 1123 hujusque
608 1033 728 1101 decreti
752 1057 888 1101 caussam
914 1031 948 1095 in
967 1031 1034 1118 ipsa
1057 1031 1204 1120 sapientis

265 1154 487 1220 informatione
524 1153 642 1234 latere,
674 1151 759 1218 banc
791 1153 887 1240 igitur
912 1153 1028 1243 εὔλογον
1053 1152 1203 1247 ἐξαγωγὴν

265 1292 333 1336 non
356 1271 525 1350 virtutem,
564 1267 618 1334 scd
640 1268 762 1333 virtutis
787 1267 964 1336 remedium
994 1294 1050 1337 seu
1069 1295 1204 1338 conser-

263 1387 436 1469 vationem,
471 1383 663 1476 praesidium
693 1384 742 1454 vel
760 1386 977 1477 sepimentum
996 1409 1059 1451 esse
1083 1384 1201 1454 dicen·
1256 1451 1261 1463 ‚

264 1501 359 1587 dam3
386 1501 505 1569 Stoicos
527 1525 611 1583 vero,
635 1526 753 1592 quum,
777 1525 837 1590 pro
852 1501 1066 1569 imbecillitate
1079 1502 1197 1570 huma·
1247 1504 1250 1509 ’

212 1596 214 1605 ‚
264 1642 320 1684 nne
345 1635 497 1700 naturae,
519 1621 664 1710 saepius,
690 1634 726 1682 ut
745 1618 857 1683 mortis
876 1619 936 1685 sibi
959 1619 1200 1687 consciscendae

261 1759 398 1802 caussam
415 1735 616 1814 invenirent,
638 1756 710 1800 suae
730 1732 893 1801 doctrinae
908 1737 1115 1819 austeritatem
1130 1739 1196 1803 mi-

261 1854 394 1938 tigarent
412 1854 581 1940 ipsumque
604 1849 757 1942 placitum
776 1850 893 1937 vulgari
915 1851 1083 1920 bominum
1096 1872 1198 1920 natu·

258 1993 310 2035 rae
343 1992 478 2057 suaeque
513 1965 611 2033 indoli
635 1969 728 2054 naagis
751 1967 1045 2052 accommodarent,
1075 1971 1108 2034 in
1133 1971 1194 2038 hoc

256 2085 409 2175 placitum
449 2082 604 2177 quaedam
646 2083 814 2167 intulisse,
860 2107 942 2174 quae
975 2109 1050 2152 cum
1086 2090 1193 2154 ceteris

256 2203 379 2270 Stoicae
403 2199 565 2268 doctrinae
585 2202 758 2289 praeceptis
781 2214 935 2288 pugnent.

298 2321 412 2409 Quum
434 2316 577 2405 profecto
600 2316 724 2382 nullum
746 2319 786 2381 sit
807 2316 957 2408 placitum
976 2314 1191 2406 dequoomni

254 2453 396 2527 tempore
429 2451 493 2501 tam
526 2433 647 2501 diversa
675 2433 736 2501 lata
764 2449 838 2499 sunt
866 2431 986 2522 judicia
1017 2456 1113 2524 quam
1149 2437 1189 2501 de
1221 2458 1225 2469 ’

252 2560 430 2628 Stoicorum
450 2558 579 2627 decreto
600 2557 664 2649 περὶ
694 2568 743 2632 τῆς
773 2557 888 2646 εὐλόγου
903 2554 1066 2646 ἐξαγωγῆς,
1091 2582 1188 2646 prae-

253 2678 359 2766 cipuas
392 2676 584 2768 scriptorum
616 2675 657 2743 de
678 2700 715 2743 eo
739 2677 905 2741 sententias
927 2674 981 2740 bic
1002 2675 1118 2740 referre
1127 2678 1186 2763 jo-

251 2809 325 2874 vat,
356 2807 394 2858 ut
424 2791 638 2882 comparando
670 2816 780 2859 verum
812 2791 932 2856 facilius
967 2789 1187 2878 dignoscamus

250 2925 453 2998 nostramque
474 2910 660 2975 sententiam
684 2910 778 2994 magis
800 2911 893 2972 etiam
915 2906 1115 2975 illustremus.

290 3024 547 3106 Plutarchus,
580 3042 617 3091 ut
637 3027 677 3091 ab
697 3026 834 3116 antiquis
856 3026 1026 3116 incipiam,
1061 3027 1182 3094 acerri-

247 3169 339 3226 mus,
372 3160 408 3209 ut
443 3159 576 3224 notum,
614 3142 791 3208 Stoicorum
823 3139 1024 3224 adversarius,
1049 3143 1180 3232 Chry-

246 3262 354 3352 sippi
383 3257 582 3349 eandemque
603 3257 761 3344 vulgarem
782 3257 959 3324 Stoicorum
979 3260 1179 3338 sententiam,

245 3377 460 3468 sapientibus,
493 3374 566 3441 licet
587 3374 791 3455 beatissimis,
817 3398 1057 3463 nonnumquam
1081 3377 1181 3440 evita

237 3493 357 3560 'cedere
378 3515 556 3560 concessum
589 3514 672 3575 esse,
708 3490 821 3556 miseri
834 3514 907 3557 vero
929 3492 992 3556 sine
1016 3490 1105 3556 stulti
1124 3493 1179 3558 of-

242 3611 353 3679 ficium
375 3624 495 3675 esseut
516 3609 612 3676 vitam
639 3605 813 3697 producat,
837 3609 877 3672 ita
891 3608 1025 3688 refutat,
1051 3625 1176 3699 utcen-

237 3744 303 3794 seat
327 3752 479 3793 summam
500 3727 534 3792 in
567 3725 628 3792 bac
661 3726 821 3790 sententia·
855 3726 952 3789 inesse
969 3745 972 3750 ·
989 3747 1177 3816 repugnan-

238 3847 312 3910 tiam
350 3847 383 3908 in
426 3868 532 3908 rerum
574 3841 698 3909 delectu
729 3858 826 3932 atque
856 3840 950 3926 fuga,
986 3842 1011 3906 si
1045 3840 1175 3931 quidem

236 3962 415 4029 beatissimis
438 3963 479 4027 ob
506 3958 667 4035 defectum
680 3959 724 4024 rei
737 3956 965 4044 indifferentis,
991 3983 1098 4048 neque
1110 3982 1170 4024 ex·
