2712 4842
661 405 726 473 272

236 613 345 679 perure
374 606 406 656 et
436 592 566 679 justitio.
624 593 737 682 Quum
768 591 865 677 igitur
899 593 1166 678 renunciaretur‘,

234 707 430 772 Caesarem
457 710 525 794 jam
560 707 707 799 progredi
737 733 810 792 eum
834 723 900 774 toto
917 709 1078 792 exercitu,
1098 712 1165 777 ob·

233 824 338 888 seratis
372 825 480 890 ceteris
502 825 620 913 portis,
644 848 683 889 ex
704 849 786 905 una,
811 847 892 911 quae
915 821 955 888 od
979 848 1064 891 mare
1085 848 1163 914 spe·

234 940 362 1022 stabat,
394 938 555 1005 distribuit
586 940 648 1005 suis
669 963 784 1017 naves,
806 955 839 1004 et
859 956 896 1005 ut
921 941 1025 1006 omnia
1052 939 1165 1007 ordine

233 1054 347 1121 fierent
367 1081 473 1123 euram
491 1056 606 1142 gessit3
632 1055 736 1121 tilium
759 1080 824 1121 non
849 1053 1033 1122 adhortatus
1057 1073 1102 1123 est
1125 1075 1163 1124 ut

230 1197 342 1237 navem
363 1171 564 1253 ascenderet,
588 1196 691 1261 neque
717 1173 814 1259 petris
835 1171 922 1237 lateri
938 1171 1162 1242 adhaerentem

229 1287 439 1356 amovendum
461 1290 581 1356 censuit
595 1287 647 1378 (¹).
680 1290 775 1356 Circe
797 1312 959 1379 vesperum
977 1292 1162 1377 jsm'rettit

228 1405 318 1471 seed
339 1405 506 1486 balneum,
539 1405 683 1495 lutusque
703 1430 765 1470 une
789 1431 861 1471 cum
885 1407 990 1471 amieis
1013 1422 1045 1471 et
1059 1408 1159 1492 mugi*

146 1588 149 1593 .
224 1525 372 1589 stratibus
395 1524 594 1589 Uticensibus
617 1519 727 1587 sedens
753 1522 904 1588 coenavit.
936 1521 1005 1588 Sub
1030 1544 1160 1589 coenatu

227 1642 311 1705 iuter
341 1639 452 1729 pocula
486 1637 607 1704 erudita
631 1637 692 1703 fuit
716 1637 927 1704 confabulatio
949 1639 1045 1703 mixta
1070 1639 1156 1704 festi-

227 1760 340 1838 vitate,
364 1774 400 1822 ut
424 1781 485 1821 una
507 1754 677 1843 disputatio
699 1753 1056 1845 philosophicaalteram
1070 1758 1158 1845 quusi

173 1916 176 1919 -
225 1873 371 1953 eliceret3
398 1871 526 1940 devenit
546 1870 674 1936 tandem
695 1895 797 1937 sermo
821 1868 861 1935 ed
881 1869 957 1935 illud
979 1871 1157 1938 Stoicorum

225 1989 431 2082 paradoxon:
481 1987 581 2054 solum
612 1990 733 2054 honum
766 1989 869 2053 virum
901 2012 965 2052 esse
999 1988 1156 2072 liberum,

225 2131 333 2174 omnes
366 2131 439 2173 vero
472 2105 580 2171 stultos
616 2129 730 2170 servos.
783 2105 831 2168 Ibi
854 2107 996 2189 surgenti
1008 2084 1153 2171 ¹Deme-

226 2226 300 2289 trio
331 2223 537 2311 Peripatetico
571 2224 684 2287 acriter
706 2244 737 2286 se
760 2222 912 2307 objiciens
935 2222 1047 2303 Cato,
1072 2246 1153 2287 con-

225 2356 310 2405 tenta
348 2355 380 2404 et
411 2362 516 2429 aspera
552 2361 647 2416 tuoe,
681 2335 927 2423 disputationem
963 2338 997 2402 in
1026 2337 1155 2424 longum

222 2455 395 2550 produxit,
418 2480 455 2522 ac
478 2452 609 2519 mirifice
635 2454 807 2544 pugnavit,
830 2442 866 2518 ut
886 2454 1057 2538 omuibus,
1080 2480 1154 2523 eum

220 2575 359 2640 statuisse
383 2572 463 2638 ritae
484 2570 584 2636 finem
605 2573 768 2662 imponere
801 2587 897 2659 atque
916 2595 955 2635 er
977 2574 1152 2661 praeseuti-

220 2692 280 2756 bus
312 2689 457 2755 molestiis
490 2712 522 2752 se
556 2685 728 2778 expedire,
760 2689 827 2774 jam
864 2705 930 2752 turn
954 2690 1153 2756 menifestum

220 2807 323 2873 fieret.
392 2805 504 2895 Quum
535 2821 640 2869 sutem
673 2803 832 2868 silentium
869 2821 901 2869 et
935 2807 1083 2872 moestitia
1113 2831 1153 2872 ex

219 2922 280 2989 hac
312 2920 522 3011 disputatione
552 2936 619 2986 orta
648 2937 773 3000 essent,
807 2921 900 2987 Cato
935 2939 971 2986 nt
999 2926 1151 2990 conviva·

217 3065 291 3107 rum
319 3041 436 3104 animos
458 3039 591 3124 erigeret
610 3060 802 3124 omnemque
825 3039 1035 3129 suspicionem
1057 3064 1150 3105 aver-

218 3174 316 3238 teret,
351 3154 391 3220 de
424 3156 517 3220 rebus
550 3154 785 3245 praesentibus,
819 3151 859 3217 de
893 3155 929 3218 iis
951 3156 1007 3245 qui
1029 3157 1151 3241 navigio

217 3268 276 3365 per
308 3287 387 3338 vesta
415 3271 531 3352 maria,
570 3271 625 3358 qui
651 3286 729 3333 terra
751 3284 809 3360 per
831 3267 954 3336 deserta
978 3270 1065 3337 arida
1089 3299 1148 3338 nu·
1175 3343 1178 3349 ,

214 3390 383 3476 fugerant,
421 3410 526 3451 rursus
558 3386 645 3475 loqui
668 3386 821 3464 instituit,
849 3412 1004 3477 curasque
1029 3392 1147 3472 movit,

216 3507 303 3595 quasi
336 3519 477 3569 metuens
509 3498 667 3591 netquid
699 3499 818 3567 adversi
842 3504 879 3568 iis
898 3502 1075 3589 accideret3
1101 3505 1148 3573 vel

213 3626 260 3690 sic
310 3639 415 3688 tamen
458 3616 592 3685 eandem
637 3620 845 3710 suspicionem
878 3618 984 3688 denuo
1020 3625 1144 3699 movit,

217 3765 343 3830 quum,
366 3734 503 3804 absoluta
526 3750 597 3825 post
617 3736 797 3803 convivium
818 3737 947 3805 solemni
970 3764 1045 3808 cum
1066 3741 1146 3806 ami-

227 3927 358 3944 Μ

253 4005 695 4071 fflfflwuwuuun
