2756 4830
607 442 672 508 335

176 625 263 693 exitu
293 647 360 691 non
392 637 513 693 constat
542 623 627 689 inter
660 638 798 691 veteresz
820 618 874 687 elii·
898 619 983 686 enim
1008 640 1114 700 enm„

176 758 347 835 postquam
381 741 497 808 frustra
529 737 699 835 duodecim
728 739 900 807 amicorum
937 733 1049 801 auxilio
1088 755 1113 809 e,

177 857 336 939 vinculis,
371 858 407 923 in
449 880 530 947 quae
563 881 581 921 a
619 854 839 923 Ptolemaeo
874 850 1107 944 Philopatre

179 976 340 1062 conjectus
371 972 493 1057 fuerat3
525 996 557 1038 ee
588 970 719 1044 liberare
751 987 903 1054 tentaret,
939 994 1002 1036 una
1033 992 1108 1036 cum

178 1090 300 1181 incepti
332 1090 419 1156 sociis
451 1087 600 1156 violentas
631 1089 691 1154 sihi
724 1111 835 1154 manus
867 1086 1005 1154 intulisse
1039 1083 1107 1172 (¹),

178 1205 230 1273 alii
253 1188 385 1298 abipso
406 1205 628 1274 Ptolemaeo
654 1204 858 1272 intersectum
878 1226 943 1270 esse
972 1201 1015 1291 (²)
1036 1217 1106 1266 tra-

180 1321 277 1390 dunt.

224 1438 405 1521 Plautus,
428 1439 580 1527 princeps
593 1438 807 1504 Romanorum
821 1435 978 1517 comicus,
998 1432 1107 1500 mortio

180 1556 240 1623 sibi
264 1552 464 1635 inferendae,
497 1554 609 1647 optimi
631 1577 669 1620 ex
693 1554 761 1641 ejus
781 1553 933 1618 sententia
959 1553 993 1617 in
1014 1553 1110 1617 rebus

181 1673 300 1739 miseris
329 1668 460 1737 remedii
495 1669 562 1767 (³)²
597 1670 733 1762 prifflem
765 1667 945 1736 hominibus
974 1690 1111 1735 caussam

181 1810 318 1855 amorem
339 1784 433 1852 fuisse
455 1783 551 1870 dicit,
574 1787 666 1874 eujus
684 1785 750 1859 vim
770 1786 888 1874 egregie
909 1785 957 1852 his
975 1787 1115 1853 versibus

183 1905 288 1994 pingit
312 1900 376 1990 (⁵lz

185 2080 268 2134 Credo
286 2093 338 2147 ego
355 2091 470 2131 amorem
486 2077 603 2147 primum
620 2077 692 2148 apud
706 2077 826 2135 homines
844 2077 1030 2132 carnuficinem
1042 2092 1116 2132 tom·

977 2155 1096 2200 mentum
1105 2165 1113 2200 τ

186 2250 259 2300 Hanc
276 2259 326 2312 ego
346 2242 379 2296 de
397 2257 440 2296 me
458 2242 635 2310 conjecturam
652 2241 723 2296 domi
743 2242 827 2308 facio,
846 2259 879 2297 ne
897 2241 1114 2312 forisquoeram,

184 2341 234 2406 Qui
244 2356 335 2394 omnes
345 2338 466 2393 homines
476 2353 571 2407 supero
580 2346 659 2406 etque
667 2337 772 2392 antideo
780 2338 1014 2392 cruciabilitetihus
1023 2337 1114 2392 animi:

185 2428 421 2504 iactor,crucior,
440 2434 540 2502 agitor,
559 2434 695 2502 stimulor,
714 2451 804 2490 vorsor
815 2434 949 2489 iocinoris
960 2435 1114 2490 rotamiser:

185 2531 332 2597 Exanimor,
343 2531 423 2598 letor,
436 2530 552 2598 differor,
560 2529 700 2594 distrahor,
706 2530 825 2601 diripiet:
835 2530 872 2585 ita
878 2530 996 2589 nubilem
1002 2539 1118 2587 mentem

179 2628 275 2684 ⁴Animi
292 2628 391 2681 habeo:
403 2664 879 2684 ........................

186 2730 226 2781 lta
244 2741 286 2778 me
300 2738 374 2778 emor
392 2723 493 2776 lassum
512 2721 594 2789 animi
617 2721 751 2789 ludificat,
770 2722 868 2791 fugat,
890 2722 964 2791 egit,
983 2723 1102 2794 appetit,

188 2824 303 2890 Raptor,
321 2818 434 2884 retinet,
451 2819 551 2884 lactet,
568 2818 697 2886 largitur:
710 2856 973 2875 ..............

264 2950 635 2971 .......................
653 2913 690 2967 ito
706 2930 796 2968 meum
815 2914 916 2983 frangit
935 2925 1065 2970 ementem

191 3013 326 3068 Animum:
336 3022 430 3077 neque,
443 3007 566 3079 nisiquia
577 3009 658 3064 miser
668 3025 887 3080 noneopessum,
905 3009 970 3063 mihi
984 3013 1037 3066 ulla
1051 3014 1126 3068 abest
1230 3019 1232 3023 ’

89 3142 91 3146 ,
191 3108 296 3164 Perdito
314 3104 453 3177 pernicies.

237 3269 286 3333 De
308 3264 527 3346 Cicerone,
549 3264 625 3331 item
644 3260 685 3328 de
707 3261 931 3331 Plutarcho
954 3262 1042 3355 quod
1062 3264 1127 3333 ad-

195 3382 306 3451 demus
327 3382 380 3450 rix
395 3365 564 3466 liebemns3
590 3380 678 3450 illum
697 3381 781 3446 enim
798 3381 833 3445 in
846 3381 908 3447 suis
925 3383 1048 3475 scriptis
1060 3409 1127 3475 non

197 3539 323 3559 buu-

195 3622 255 3699 τιιρὶ
274 3625 368 3701 ἀρετῆς
387 3625 618 3703 ἀμφισβητοῦσιν,
655 3622 719 3701 {trip
740 3624 845 3692 οὐδενὸς
864 3625 932 3684 οὕτω
951 3625 1128 3699 conviceret,

196 3729 231 3795 ὦς
253 3730 317 3809 ὑπὲρ
338 3740 385 3791 τοῦ
407 3734 490 3812 μηδὲν
510 3733 622 3812 αἰσχρὸν
640 3737 803 3812 πράττοντας
827 3742 950 3811 φανῆναι.
996 3740 1023 3807 (¹)
1043 3743 1128 3799 Plut.

195 3830 292 3901 l.l.·p.
320 3837 381 3902 822,
410 3839 461 3890 823
484 3839 517 3892 Α.
554 3838 582 3902 (¹)
600 3834 779 3902 tustinus,
804 3835 872 3891 nist.
889 3835 956 3890 Phil.
974 3842 1085 3901 XXVIII,
1102 3842 1129 3894 l.

201 3927 231 3995 tt
249 3933 284 4015 tn
296 3931 366 3986 nun.
384 3936 443 3989 Aet.
461 3937 506 4001 ιιι,
525 3948 563 3989 se.
581 3934 626 4000 ιιι,
643 3944 670 3990 c
688 3932 723 3986 n
738 3945 780 4001 sq.
817 3929 845 3999 ι’)
862 3936 894 3986 n
910 3930 1008 3988 eison.
1027 3936 1084 3988 no.
1097 3937 1136 4003 ιι,

197 4038 236 4081 ec.
256 4028 272 4081 1
289 4026 322 4082 nh
339 4026 399 4084 init.
