2756 4830
718 464 784 532 stt

281 648 415 738 quibus,
446 644 546 714 calore
575 648 682 716 nativo
712 662 962 730 emarcescente,
985 644 1083 736 -quasi
1103 663 1217 739 sponte

280 767 380 833 oritur
407 762 592 851 aegritudo,
623 764 737 857 laqueo
771 765 876 856 potius
910 786 1007 853 quam
1036 762 1096 830 alio
1118 761 1215 831 modo

279 898 415 949 mortem
437 882 495 946 sibi
517 882 724 965 consciscere,
748 882 882 948 maxime
902 879 1034 970 quidem
1053 881 1214 964 juniores,

278 995 443 1063 interdum
474 999 567 1064 etiam
596 1000 753 1083 seniores3
788 996 839 1063 his
873 997 959 1064 euim
992 994 1126 1063 calorem
1154 1019 1215 1087 per

278 1132 407 1181 aetatem
420 1137 625 1197 marcescere,
642 1112 732 1204 quod
746 1131 874 1179 naturae
888 1128 1134 1181 consentaneum
1145 1128 1211 1195 est,
1308 1148 1314 1158 ·

278 1231 337 1296 illis
373 1254 446 1297 vero
469 1253 527 1320 per
548 1230 612 1296 vim
632 1229 785 1314 affectus,
819 1227 909 1320 quod
934 1245 1045 1297 contra
1069 1243 1215 1294 naturam

279 1362 347 1413 estr
379 1346 496 1435 quibus
522 1362 626 1412 autem
649 1344 731 1413 calor
753 1345 859 1413 subito
881 1333 1054 1413 sustinetur
1084 1345 1126 1409 sit
1162 1366 1213 1409 eos

278 1477 411 1547 repente
454 1477 589 1528 mortem
631 1463 691 1527 sibi
723 1462 884 1548 irrogare,
921 1478 958 1527 ut
991 1459 1070 1528 adeo
1105 1482 1214 1528 omnes

281 1579 463 1661 mirentur,
487 1576 576 1667 quod
597 1576 722 1645 nullum
745 1576 902 1646 indicium
925 1579 1136 1671 praecesserit.

321 1696 474 1763 Veterum
508 1693 559 1760 ille
591 1691 743 1759 dissensus
784 1691 825 1760 de
857 1695 1045 1788 principum
1058 1692 1212 1786 philoso-

276 1809 421 1900 phorum
449 1811 559 1894 exitu,
595 1808 997 1902 deperdita'Antipatri
1021 1808 1151 1901 epistola
1173 1807 1213 1874 de

278 1927 512 1998 Aristotelis
535 1943 636 1992 morte
662 1924 727 2013 (¹),
751 1925 828 1992 hnic
848 1950 979 2016 quoque
999 1951 1068 1993 non
1091 1949 1212 2016 peper-

280 2046 325 2113 cit
345 2046 598 2132 recentioresque
620 2040 678 2107 diu
696 2065 860 2133 suspensos
885 2044 987 2107 tenuit
999 2045 1033 2107 in
1045 2046 1113 2130 ejus
1124 2065 1213 2108 mor·

280 2162 318 2226 tis
341 2185 453 2248 genere
474 2157 670 2225 definiendo.
716 2157 918 2224 Conclamata
936 2159 956 2224 J
963 2159 1088 2224 ustini
1108 2160 1213 2225 Mar·

280 2280 381 2367 tyris
405 2276 512 2367 (²).et
541 2273 729 2361 Gregorii
751 2274 943 2340 Nazianzeni
970 2272 1012 2362 (³)
1038 2277 1211 2358 sententia,

279 2417 353 2460 eum
380 2396 414 2458 in
448 2392 644 2479 Euripum
671 2414 703 2455 se
723 2391 960 2484 praecipitasse,
1000 2390 1089 2482 quod
1114 2417 1206 2461 eaus-

278 2534 344 2579 sam
378 2511 446 2597 ejus
480 2508 640 2576 fluctuum
671 2508 836 2597 exquirere
871 2523 903 2573 et
938 2504 1108 2594 intelligere
1143 2534 1211 2576 non

277 2627 431 2721 potuisset
453 2624 519 2715 (⁸);
545 2623 586 2690 de
611 2621 740 2714 reliquis
763 2622 885 2689 duabus
908 2623 966 2692 viri
993 2623 1078 2692 docti
1102 2626 1213 2699 uostris

280 2746 375 2811 etiam
397 2743 592 2834 temporibus
614 2739 786 2825 litigarunt.
832 2739 1075 2832 Apollodori
1088 2740 1129 2833 (ὅ)
1143 2759 1212 2808 tra-

278 2860 455 2945 ditionem,
493 2883 591 2950 quam
623 2857 838 2948 Dionysius
870 2855 1146 2925 Halicarnasseusis
1172 2855 1212 2947 (⁵)

277 2993 462 3067 receperat,
495 2997 568 3041 eum
598 2973 711 3039 morbo
732 2974 880 3065 periisse,
915 2975 987 3040 tuiti
1007 2993 1083 3041 suut
1106 2978 1210 3042 Bru-

280 3093 420 3166 ckerus
453 3088 493 3180 (⁷)
525 3090 612 3157 etin
635 3089 747 3181 primis
768 3089 958 3157 Stahrius
984 3089 1049 3181 (⁸);
1074 3094 1212 3161 Fabri.

316 3263 343 3329 (¹)
363 3261 423 3315 vid.
442 3266 457 3314 J
464 3258 598 3324 ansius,
627 3258 660 3310 dc
683 3256 776 3327 script.
795 3257 859 3314 hist.
878 3260 944 3328 phil.
962 3254 1061 3326 Lini,
1079 3279 1102 3318 c.
1123 3266 1166 3329 13,
1184 3280 1212 3332 p.

278 3361 322 3413 81.
360 3359 388 3424 (²)
416 3357 519 3410 Cohort.
546 3355 580 3407 ad
605 3357 736 3420 Graecos,
765 3366 792 3422 p.
820 3357 854 3407 33
878 3357 959 3412 Bed.
978 3362 1048 3413 Par.
1067 3358 1145 3413 1742.
1183 3360 1210 3427 (3)

280 3460 355 3509 Tour.
386 3459 407 3517 Ι,
434 3470 461 3521 p.
479 3450 611 3504 taret.
629 3456 698 3505 Par.
718 3452 795 3504 1630.
833 3449 861 3517 (ι)
880 3451 929 3508 Cff.
949 3455 1211 3522 TanaqsFaber,

278 3552 362 3620 Epist.
381 3548 444 3603 Crit.
462 3552 484 3613 1,
503 3518 546 3613 14,
565 3564 592 3616 p.
611 3548 646 3600 49
663 3562 721 3615 sqq.
741 3547 783 3601 ed.
808 3548 904 3602 sulm.
927 3551 1005 3615 1674,
1018 3550 1211 3618 Bayleffliet.

279 3656 329 3703 art.
354 3647 524 3711 Aristotc,
552 3651 608 3699 not.
632 3648 661 3708 Z,
679 3642 872 3710 Patricius,
891 3643 962 3699 Dise.
981 3650 1038 3701 Per.
1057 3663 1084 3715 p.
1103 3651 1146 3702 11.
1184 3647 1210 3715 (¹⁵)

277 3755 308 3804 In
326 3747 460 3802 Chroniois
477 3752 547 3819 apud
565 3757 596 3806 D.
615 3755 645 3806 L.
664 3756 695 3818 V,
715 3754 733 3819 ἕ
751 3755 794 3808 10.
830 3752 857 3818 (ὅ)
877 3739 982 3806 Ἐπιστ.
1003 3771 1035 3807 π.
1059 3741 1139 3826 'App
1151 3751 1209 3826 περὶ

278 3856 393 3931 Δημοσθ.
414 3872 441 3924 p.
468 3854 528 3918 121,
548 3853 583 3904 24
605 3850 646 3906 ed.
666 3852 754 3920 Sylb.
772 3851 860 3921 Lips.
885 3856 962 3911 1691.
1000 3856 1116 3924 (⁷)11tst.
1143 3857 1209 3915 Phil.

277 3957 341 4014 crit.
359 3960 390 4010 T.
409 3958 430 4020 l,
449 3956 478 4008 P.
496 3955 529 4017 11,
547 3955 578 4005 L.
595 3953 629 4015 11,
648 3965 672 4005 c.
690 3953 745 4015 vlt,
763 3951 783 4017 ὅ
800 3952 827 4013 8,
845 3967 873 4020 p.
890 3954 952 4008 792.
972 3953 1020 4010 Cli.
1039 3955 1144 4024 Buyle
1151 3957 1209 4023 ,1.1.

276 4061 332 4109 not.
358 4056 377 4107 Ε
395 4058 421 4105 ct
438 4047 646 4113 Lilienth'al,
665 4046 714 4103 sel.
731 4043 773 4102 lit.
792 4046 849 4104 obs.
868 4050 894 4115 t,
913 4066 941 4119 p.
960 4052 1023 4110 144.
1059 4052 1086 4120 (8)
1105 4053 1208 4110 Arist.
