2756 4830
625 438 691 523 327

189 645 229 696 tc
261 619 390 720 pienum
410 625 494 693 bona
513 622 732 705 commentia,
756 622 927 691 reddidisse
948 622 1007 689 sibi
1023 622 1121 688 ‘testi'-

194 746 335 810 mouium
366 744 428 810 sita
455 741 682 822 excolentem,
716 742 884 831 aetatisque
909 742 943 805 iu
973 754 1069 831 portu
1089 750 1121 804 et

191 858 232 926 sti
263 882 409 926 socomm
432 874 517 924 actae
538 858 677 948 quietem
700 834 839 923 laudasse
860 855 927 946 (¹).-

258 1090 477 1181 St‘ngulooum
509 1087 807 1178 Philosophorum,
843 1087 1055 1174 Poetarum,

322 1205 562 1273 Historu'corum
585 1207 793 1294 uliommque
819 1204 860 1272 de
887 1214 989 1272 morte

447 1322 641 1388 uoluntario
672 1325 868 1389 sententiae.

233 1551 389 1647 Expositis
420 1575 528 1620 eorum
558 1547 821 1645 philosophorum
850 1551 1033 1635 sententiis,
1061 1552 1121 1641 qui

190 1670 239 1738 vel
265 1670 324 1760 ipsi
350 1693 444 1739 novas
467 1685 563 1737 sectas
587 1667 801 1737 condiderunt
834 1671 936 1760 iisque
969 1668 1118 1759 praefue-

190 1803 288 1870 runt,
321 1784 371 1855 vel
405 1784 515 1852 saltem
548 1784 740 1876 peculiarem
764 1785 862 1875 hujus
883 1786 1000 1852 illiusve
1021 1796 1120 1852 sectae

190 1903 378 1970 sententiam
399 1902 497 1968 secuti
526 1917 621 1987 sunt,
643 1903 711 1990 jam
732 1900 774 1969 de
797 1902 1119 1991 nonnuliisantiquo·

189 2044 262 2087 rum
283 2019 467 2097 sententiis,
492 2042 572 2109 quae
597 2017 636 2084 ed
658 2017 837 2088 doctrinam
860 2018 992 2111 quidem
1013 2042 1121 2086 aarum

190 2154 347 2207 sectarum
367 2158 445 2227 quas
463 2134 624 2203 retulimus
647 2137 757 2202 referri
779 2161 844 2203 non
871 2152 1028 2229 possunt,
1051 2136 1116 2201 mi-¹

193 2255 279 2321 nime
312 2269 417 2319 tamen
439 2250 737 2346 ptaetcrmittendae
759 2268 856 2331 sunt,
891 2250 1042 2343 deinceps
1068 2252 1120 2318 vi·

193 2368 333 2436 deomus.
1113 2360 1116 2365 Ι

236 2491 463 2564 Heraclitus
493 2493 669 2583 Ephesius,
703 2492 719 2558 ὁ
753 2491 893 2569 σκοτεινὸς
926 2491 1050 2576 dictus,
1085 2494 1121 2561 io

191 2604 367 2706 fragmento
401 2613 540 2707 quodam
573 2615 790 2682 Themistii
825 2614 947 2681 clibro
967 2615 1033 2708 περὶ
1060 2616 1121 2706 ψυ-
1209 2702 1211 2705 ¹

192 2754 250 2832 χῆς
272 2742 313 2834 (²)
335 2741 473 2808 statuisse
489 2739 611 2809 fertur:
636 2740 779 2809 homines
800 2741 842 2807 ob
861 2743 969 2809 mortis
982 2760 1120 2826 metum,

190 2884 301 2927 eorum
323 2858 432 2926 animis
451 2882 469 2922 a
487 2873 597 2924 natum
617 2856 774 2944 inditum,
793 2875 907 2948 sponte
924 2859 959 2926 in
978 2862 1039 2928 vita
1048 2885 1120 2928 ma-
1226 2878 1229 2882 ⁴

189 3045 319 3065 ψ

227 3164 255 3232 (1)
273 3162 459 3219 Memorandus
480 3162 530 3216 hoe
550 3162 606 3215 loco
625 3159 689 3213 item
704 3159 808 3214 videtur
826 3160 1018 3230 Dionysius
1039 3167 1121 3219 Hera·

190 3260 304 3322 cleotes,
329 3259 407 3311 homo
433 3256 515 3323 letis,
537 3255 603 3325 qui,
630 3255 721 3311 relicta
745 3255 893 3311 Zenonis
919 3258 1007 3321 schola
1036 3242 1119 3329 quum

191 3353 406 3410 molestissimam
429 3350 616 3423 lippitudinem
647 3351 748 3406 diutius
777 3352 848 3407 ferre
872 3370 927 3408 non
952 3364 1059 3425 posset,
1085 3359 1120 3412 ad

192 3454 345 3520 Cyrenaicos
361 3450 404 3506 tel
420 3448 561 3520 Epicureos
575 3447 681 3502 transiit
693 3447 832 3517 inediaque
844 3458 999 3506 consumtus
1010 3452 1120 3511 interiit.
1163 3462 1166 3473 “

191 3548 240 3603 cu.
262 3552 293 3603 u.
312 3551 343 3603 u.
359 3550 415 3613 vu,
433 3548 452 3614 s
467 3547 528 3611 tot,
546 3542 684 3600 nucina.
707 3543 750 3597 tus
767 3559 839 3611 au„
862 3550 938 3602 uum.
955 3552 988 3612 11,
1010 3565 1036 3617 p.
1056 3536 1119 3618 sau,

157 3641 161 3651 '
191 3644 244 3697 817
261 3643 303 3698 cd.
325 3641 449 3706 Reitz„
471 3639 535 3694 Cic.
561 3644 640 3694 Tuso.
662 3644 694 3702 11,
714 3641 757 3695 25.
794 3641 822 3707 (¹)
839 3641 918 3710 Apud
944 3642 1031 3698 Stob.
1048 3647 1119 3702 stur.

190 3741 246 3797 Tit.
273 3740 334 3805 128,
351 3740 387 3793 ts
409 3737 452 3792 cd.
476 3736 600 3799 Geisf„
618 3735 689 3803 quod
712 3736 891 3804 fragmentum
907 3754 938 3792 ex
957 3739 1015 3796 cod.
1033 3746 1119 3807 Pan,

191 3841 229 3892 N⁰
244 3838 313 3891 nate
328 3832 484 3903 bombycino
502 3832 570 3886 Bibl.
582 3837 666 3899 fleg„
677 3831 865 3886 Themistio
876 3851 969 3889 rursus
980 3836 1120 3893 vindicavit

192 3931 417 3994 Gaisfotdus,
434 3946 518 3999 quum
533 3926 829 3995 wyttenbachius,
848 3931 883 3982 ad
899 3934 984 3988 Pluta
1003 3933 1073 3990 deS.
1085 3939 1118 3991 tt

192 4035 224 4089 t.
243 4046 270 4099 p.
289 4030 350 4096 tte,
368 4024 543 4082 Plutarchi
565 4023 633 4078 tttuu
650 4038 710 4076 esse
726 4022 871 4080 statuisset.
1044 4028 1046 4032 ·
