2798 4836
705 439 749 507 46

255 648 325 692 mus
354 626 447 712 igitur
478 623 615 689 nascitur
647 638 752 688 tamen
782 644 820 687 ex
852 623 970 687 semine
999 639 1190 715 parentam,

255 740 345 831 quod
366 757 413 806 est
434 736 610 806 seeundum
631 741 832 805 Zenonem
856 741 1021 829 temperies
1048 737 1188 807 detracta

255 884 295 925 ex
316 859 412 925 animi
431 855 649 940 facultatibus3
675 859 778 923 vivere
799 871 904 921 autem
924 872 956 921 et
980 857 1082 942 vigere
1103 850 1190 924 inei-

256 978 307 1064 pit
325 972 501 1042 seeundum
529 971 802 1064 Chrysippum
824 987 896 1063 post
917 972 1109 1039 nativitatem
1129 971 1192 1037 de-

254 1117 364 1159 mum:
400 1089 550 1183 idemque
577 1088 640 1158 hoo
671 1091 766 1156 etiam
804 1105 990 1176 argumento
1026 1087 1193 1157 contendit

256 1211 397 1276 animum
417 1231 483 1274 non
503 1222 591 1273 autea
613 1207 778 1290 exstitisse,
803 1204 892 1295 quod
917 1204 1009 1271 liberi
1025 1222 1193 1294 parentum

256 1325 369 1392 similes
390 1323 472 1390 fiant
492 1324 632 1391 moribus
653 1340 686 1389 et
702 1321 898 1411 ingenio(¹),
920 1323 1053 1411 ejusque
1062 1323 1192 1412 opinio·
1272 1407 1275 1414 Ι

257 1466 333 1509 nem
356 1457 482 1511 secutus
502 1456 549 1507 est
568 1441 798 1522 Panaetius,
821 1454 858 1504 ut
876 1437 1111 1526 intelligiturex
1124 1439 1192 1505 Ci-

259 1581 397 1626 cerone
429 1556 483 1648 (¹).
539 1557 654 1646 Neque
681 1579 758 1622 vero
789 1555 918 1621 initium
952 1551 1193 1638 tantummodo,

258 1674 314 1741 sed
344 1673 509 1740 interitum
541 1674 633 1739 etiam
666 1672 787 1737 habent
820 1672 927 1738 animi.
981 1669 1195 1737 Cleanthes

261 1789 392 1882 quidem
421 1814 472 1857 eos
498 1812 600 1880 usque
616 1786 656 1854 ad
681 1787 794 1854 mundi
817 1787 1094 1873 conflagrationem
1115 1811 1194 1878 per-

260 1907 375 1974 durare
405 1906 552 1989 volebat3
599 1904 879 1997 Chrysippus·
903 1920 1008 1969 autem
1043 1904 1197 1968 statuebat
1234 1902 1238 1907 ’

261 2025 362 2092 solum
396 2023 543 2115 sapientis
567 2022 708 2087 animum
731 2017 894 2109 usquead
921 2041 995 2085 enm
1020 2019 1197 2110 pertingere

261 2142 457 2224 terminum3
491 2137 629 2227 reliquos
660 2161 725 2203 non
759 2138 831 2202 satis
857 2134 974 2202 habere
993 2137 1136 2219 roboris,
1162 2152 1198 2200 ut

262 2273 381 2323 tantam
416 2256 567 2345 temporis
595 2251 834 2319 diuturnitatem
868 2251 997 2318 ferrent.
1054 2253 1198 2318 Rationes

263 2397 362 2463 quare
396 2373 493 2437 animi
523 2395 589 2439 non
616 2371 682 2435 sint
715 2368 904 2435 immortales
938 2393 977 2435 ex
1006 2370 1198 2435 Panaetio

262 2490 356 2556 affert
378 2490 522 2556 Cicero
542 2483 595 2574 (³).

310 2603 374 2675 Sed
409 2605 505 2671 animi
539 2604 725 2694 corporibus
757 2601 880 2684 soluti,
923 2619 1031 2670 utrum
1063 2604 1199 2695 praemia

264 2746 445 2818 poenasque
466 2744 597 2803 eorum,
622 2719 759 2810 quaein
781 2722 842 2785 vita
864 2735 1012 2805 egerunt,
1036 2719 1201 2786 laturisint

265 2864 387 2921 neone,
412 2861 478 2904 nou
499 2838 571 2902 satis
588 2833 703 2901 diserte
723 2837 995 2926 pronuntiarunt:
1021 2834 1108 2902 unde
1126 2852 1201 2902 suut

268 2958 326 3048 qui
344 2969 458 3046 putent
474 2977 525 3020 eos
547 2968 650 3018 totum
670 2952 760 3018 hune
775 2934 1086 3043 loeum'repudiasse3
1112 2951 1200 3043 quod

267 3092 374 3140 tamen
401 3052 581 3136 advivam
611 3070 742 3135 resecari
764 3070 888 3160 nequit.
933 3067 1101 3156 Vulgarem
1121 3071 1200 3159 qui-

263 3189 342 3256 dem
365 3188 619 3278 superstitionem
630 3201 662 3251 et
673 3185 793 3253 fabulas
811 3182 852 3250 de
861 3184 968 3252 inferis
977 3182 1201 3276 explodebant,

263 3324 304 3374 ut
320 3319 451 3397 apparet
469 3327 508 3368 ex
528 3302 628 3369 verbis
649 3300 762 3367 Balbi
783 3298 870 3392 apud
891 3301 1119 3368 Ciceronem
1131 3299 1196 3390 (⁸);

259 3494 400 3515 ’Μ

304 3609 332 3675 (¹)
351 3609 391 3663 Cf.
421 3607 507 3678 ῌιιῑ.
533 3605 591 3660 adv.
612 3602 689 3658 Staio.
708 3619 735 3672 p.
755 3605 822 3657 1053
840 3607 868 3658 G.
905 3603 933 3669 (²)
954 3607 1031 3657 Tusa.
1051 3607 1072 3667 1,
1090 3604 1132 3658 32.
1152 3605 1200 3659 cu.

266 3721 334 3775 quae
359 3706 434 3773 plara
457 3699 558 3755 notavit
580 3705 678 3768 Wytt.
710 3699 743 3752 ad
768 3700 852 3754 Plut.
878 3700 909 3752 de
936 3703 962 3754 S.
989 3704 1020 3753 N.
1045 3704 1076 3755 V.
1102 3717 1129 3770 p.
1156 3705 1201 3756 84.

269 3804 297 3871 (³)
316 3808 395 3855 Tusa.
422 3803 443 3863 1,
471 3800 514 3862 18,
534 3782 576 3860 19,
595 3797 639 3861 31,
658 3796 701 3859 32,
720 3796 763 3850 ta.
783 3794 822 3849 Gi.
841 3792 1001 3858 Meinars,
1019 3795 1085 3865 phil.
1102 3797 1200 3851 Schrif-

266 3910 327 3965 ten,
352 3898 402 3951 Th.
420 3900 453 3960 Π,
473 3891 551 3947 Staio.
570 3901 637 3947 sent.
657 3892 689 3944 de
707 3890 787 3945 anim.
806 3900 875 3959 post.
896 3900 973 3947 mort.
993 3900 1063 3946 statu
1081 3901 1106 3946 et
1124 3894 1197 3947 fatis.

267 3989 542 4064 mannua
1163 3968 1166 3973 ’
