2712 4842
595 468 657 538 291

161 648 198 718 in
223 653 473 736 commenias,
497 655 591 722 vitam
614 679 791 745 numquam
810 671 925 720 temere
936 676 999 721 esse
1009 678 1091 745 pro·

157 769 357 856 jiciendam3
382 768 519 837 Stoicam
543 771 637 857 igitur
655 769 888 863 philosophiam
902 770 1005 862 specie
1017 795 1088 835 ma-

161 885 207 970 gis
240 908 339 975 quam
370 909 477 954 revera
507 911 524 952 a
555 886 672 974 vulgari
701 885 963 979 philosophorum
994 886 1091 973 hujus

163 1001 268 1067 sentis
290 1001 437 1091 opinione
458 1004 616 1070 recessisse
637 1005 738 1095 iisque
759 1002 838 1071 adeo
857 1002 1008 1071 doctrinis
1029 1025 1093 1070 esse

165 1115 391 1184 accensendam
424 1142 504 1208 quae
534 1121 632 1208 justas
660 1122 762 1189 evita
783 1117 954 1188 recedendi
977 1141 1092 1187 caussas

165 1233 333 1302 arctissime
356 1237 661 1304 circumscriberent.
764 1218 767 1233 s

527 1488 737 1537 Pttflteottnt.
930 1438 942 1481 i

213 1698 413 1791 Pythagoreis
445 1725 518 1769 cum
541 1701 736 1770 Academicis
761 1723 928 1768 commune
949 1699 1011 1767 fuit
1035 1699 1098 1768 hoe

167 1815 346 1907 placitum,
383 1841 449 1882 non
477 1817 569 1883 licere
589 1819 711 1906 injussu
734 1819 792 1884 Dei
815 1806 925 1884 mantis
949 1815 1099 1885 violentas

167 1932 227 1997 sibi
251 1929 392 2017 inferre(
409 1934 438 2020 )a
465 1933 595 2014 „Vetat
615 1933 896 2025 Pythagoras’',
920 1949 956 2000 ut
977 1934 1098 2002 aiaci-

168 2070 259 2116 cero
278 2044 341 2133 (²),
376 2032 525 2134 „injussu
551 2050 764 2139 imperatoris,
799 2047 833 2114 id
858 2065 924 2131 est,
956 2052 1037 2133 Dei,
1059 2047 1102 2115 de

166 2161 320 2255 praesidio
353 2179 386 2228 et
415 2165 545 2230 statione
577 2166 657 2230 vitae
680 2162 865 2232 decedere'’.
910 2165 1000 2231 Licet
1031 2168 1099 2254 Py·
1188 2156 1191 2161 ¹

166 2279 306 2367 thagorei
326 2301 365 2344 ex
388 2277 526 2347 vindicta
544 2278 649 2347 divina
670 2281 812 2347 animum
832 2305 964 2371 corpore
983 2281 1019 2346 in
1038 2278 1100 2347 hac
1193 2278 1195 2282 ’

167 2398 229 2464 vita
260 2396 466 2464 constrictum
497 2398 612 2481 teneri,
644 2421 694 2464 eos
722 2420 796 2467 vero
818 2398 876 2488 qui
895 2397 980 2465 ultro
1001 2420 1019 2463 e
1041 2397 1103 2465 vita

134 2502 139 2512 “
170 2511 319 2582 cederent
345 2514 514 2600 majoribus
534 2514 626 2578 etiam
644 2512 731 2578 malis
758 2513 905 2581 affectum
926 2513 965 2579 iri
988 2535 1100 2580 cense-

168 2646 266 2715 rent,
290 2654 384 2696 unam
402 2646 507 2696 tamen
533 2631 750 2720 exceptionem
777 2646 972 2698 senectutem
992 2627 1101 2695 admi-

165 2762 238 2827 sisse
275 2756 442 2826 videnturs
478 2753 615 2834 Εὐξιθεος
649 2759 664 2822 ὁ
699 2757 921 2850 Πυθαγορικός,
958 2762 998 2834 ὥς
1031 2781 1100 2849 φησι

167 2885 322 2975 Κλέαρχος
354 2885 370 2949 ὁ
404 2881 632 2974 Περιπατητικὸς
658 2883 686 2946 ἐν
712 2880 837 2973 δευτέρῳ
865 2881 952 2969 βίων,
980 2881 1101 2970 ἔλεγεν,

166 3008 332 3078 ἓνὸέὸεσθαι
358 3014 399 3098 τῷ
424 3011 538 3097 σώματι
564 3006 612 3072 καὶ
640 3011 681 3095 τῷ
706 3004 790 3098 deripe
817 3005 877 3097 βίῳ
895 3007 948 3081 τὰς
962 3007 1101 3072 ἁπάντων

168 3137 269 3227 ψυχὰς
290 3135 428 3228 τιμωρίας
455 3139 574 3227 χάριν,
601 3131 650 3199 καὶ
679 3128 844 3199 διείπασθαι
871 3129 919 3199 τὸν
942 3129 1024 3219 θεόν,
1051 3130 1102 3219 ὡς,

153 3314 295 3333 ——n-

204 3390 233 3456 (1)
252 3392 291 3446 Gt.
312 3390 484 3445 Hierocles
502 3389 530 3442 in
550 3392 614 3444 Aur.
634 3393 736 3453 carm„
754 3405 782 3456 p.
795 3387 1101 3442 21oed.tond.17t2:

168 3461 200 3549 t0
219 3496 286 3557 θεῖος
304 3492 381 3568 νόμος
401 3494 501 3568 ἐξάγειν
522 3488 614 3548 ἑαυτὸν
633 3494 771 3567 πειρᾶσθαι
790 3492 825 3567 μὴ
848 3497 1013 3567 συγχωρῶν,
1035 3489 1105 3545 ἀλλὰ

170 3605 310 3678 περιμένειν
339 3602 386 3665 ἕως
415 3598 448 3656 ἂν
478 3598 566 3662 'stata
585 3597 663 3662 αὐτὸς
682 3600 801 3678 ἀπολύσῃ
825 3601 903 3674 ἡμᾶς.
947 3599 975 3666 (²)
994 3602 1031 3651 De
1058 3600 1105 3650 Se·

171 3710 241 3757 nect.
272 3718 295 3756 c.
313 3703 356 3756 20.
376 3702 423 3755 eff.
443 3698 475 3753 de
492 3702 541 3753 hoc
559 3701 681 3767 dogmate
698 3699 762 3754 Cic.
784 3704 862 3753 Tuso.
881 3702 902 3763 t,
922 3700 965 3757 3⁰,
985 3695 1017 3747 de
1034 3700 1103 3762 Rep.

171 3803 215 3859 VI.
238 3799 280 3860 15,
307 3799 490 3866 Apuicjus,
518 3798 551 3849 de
576 3795 654 3860 Phil„
682 3801 756 3850 Tom.
781 3800 825 3857 111,
853 3810 879 3862 p.
907 3793 942 3845 ot
971 3791 1012 3845 ed.
1031 3794 1103 3843 Bas.

173 3896 250 3956 1560,
282 3894 424 3948 Macrob.
449 3893 477 3945 in
502 3909 586 3947 somn.
606 3892 690 3959 scip.
710 3895 730 3955 t,
750 3906 773 3945 c.
793 3893 835 3954 13,
860 3884 1061 3941 Holstenius
1079 3884 1106 3937 in

174 3990 228 4044 vita
245 3992 362 4059 Porph.
381 4007 405 4045 c.
424 3993 441 4043 9
461 3990 563 4055 (Febr.
583 3994 612 4043 Β.
631 3992 677 4042 Gr.
695 3990 739 4049 tv,
757 4002 784 4054 p.
802 3986 861 4051 260)
883 3987 984 4037 etV.V.
997 3986 1061 4036 DJ).
1075 3979 1113 4047 ad

175 4085 365 4142 Hieroclem
384 4087 411 4142 in
429 4090 493 4142 Aur.
512 4101 609 4150 carm,
628 4099 655 4151 p.
675 4083 727 4136 260
749 4081 791 4135 ed.
811 4081 843 4134 do
862 4079 980 4134 Rhoer.

936 4174 1000 4242 19*
