2798 4836
672 460 710 529 13

216 647 428 713 amentiamur.
471 643 570 737 Quod
592 662 629 711 ut
655 645 857 734 perficiatur,
880 668 1003 714 necesse
1026 664 1071 714 cst
1086 649 1144 714 in-

218 770 374 858 telligere,
406 769 568 864 quomodo
590 794 629 836 ex
653 772 717 838 viso
740 793 795 839 seu
821 773 963 860 φαντασίᾳ
979 769 1144 858 judicium

218 875 333 953 mentis
353 889 488 968 oriatur,
521 905 553 953 et
572 888 637 977 qud
663 887 739 954 noti
761 911 870 954 verum
889 914 907 952 a
929 887 1005 954 salso
1026 887 1144 955 distin-

218 1020 339 1090 guatur.
384 1006 479 1071 Hunc
500 1005 596 1090 igitur
616 1003 723 1072 locum
743 1005 785 1070 ita
807 1005 1056 1072 constituebant:
1082 1006 1146 1074 Vi-

218 1154 288 1196 sum
309 1153 364 1194 seu
384 1127 542 1219 φαντασίαν
563 1130 664 1220 ipsam
685 1153 750 1195 non
772 1153 835 1194 esse
853 1131 887 1195 in
909 1145 1015 1195 nostra
1038 1145 1146 1219 potes·

219 1262 301 1324 tate,
334 1269 442 1335 neque
460 1242 534 1310 fieri
553 1268 661 1334 posse,
694 1261 729 1310 ut
757 1243 853 1327 illud,
889 1244 977 1336 quod
1001 1244 1095 1313 semel
1113 1246 1148 1310 iu

218 1378 358 1428 mentem
379 1384 523 1427 sensusve
545 1359 712 1445 inciderit,
732 1386 798 1428 nou
822 1364 991 1444 sentiatur,
1014 1379 1067 1427 aut
1086 1385 1145 1437 co-

218 1492 354 1578 gitetur:
378 1506 409 1555 at
432 1514 506 1557 vero
530 1513 705 1572 assensum,
728 1487 963 1575 συγκατάθεσιν,
989 1488 1024 1552 in
1042 1470 1148 1555 nostra
1201 1570 1203 1577 Ι

218 1624 370 1698 potestate
388 1630 479 1689 esse,
494 1629 599 1697 neque
621 1629 677 1671 nos
700 1607 766 1691 cogi
792 1621 826 1670 ut
846 1629 942 1694 quam
954 1607 1095 1695 primum
1106 1602 1148 1669 ad

218 1748 276 1790 nos
305 1723 431 1789 allatum
457 1725 516 1805 sit,
548 1723 642 1788 etiam
668 1745 779 1788 verum
804 1719 952 1787 falsumve
973 1718 1151 1807 judicetur.

218 1842 329 1906 Visum
357 1840 474 1905 habere
510 1840 594 1905 hanc
630 1840 715 1921 vim,
746 1855 783 1903 ut
812 1820 836 1903 si
860 1837 1062 1927 perspicuum
1083 1839 1147 1920 sit,

217 1958 340 2022 animus
373 1958 401 2022 ei
434 1953 543 2023 cedere
564 1953 697 2036 debeat,
727 1951 995 2042 quemadmodum
1013 1952 1088 2018 lanx
1111 1954 1148 2019 in

217 2072 296 2137 libra
327 2070 517 2163 deprimitur
545 2072 697 2163 impositis
722 2067 917 2161 ponderibus
940 2067 993 2157 (¹).
1044 2071 1146 2136 Habet

218 2191 333 2274 igitur,
354 2205 417 2254 tam
439 2189 566 2270 visum,
599 2212 696 2277 quarn
715 2187 849 2253 assensio
869 2211 935 2254 non
952 2187 1146 2277 reciprocam

218 2307 305 2388 vim,
337 2304 393 2371 sed
422 2303 681 2388 subordinatam,
701 2304 757 2368 ¹ita
789 2320 826 2368 ut
844 2305 976 2369 assensio
996 2300 1061 2368 sine
1082 2304 1146 2369 viso

214 2446 362 2488 essenon
382 2422 500 2514 possit,
523 2446 590 2487 non
609 2445 683 2487 vero
707 2437 743 2486 ut
767 2445 806 2486 ex
827 2421 890 2487 viso
909 2420 1039 2485 assensio
1061 2444 1143 2507 eoq-

214 2540 304 2605 tiuuo
325 2540 469 2604 exsistere
490 2536 604 2603 debeat
628 2535 681 2626 (²).
728 2539 793 2604 Hae
815 2561 887 2622 ergo
907 2540 940 2603 in
960 2553 1048 2624 parte
1059 2536 1144 2602 inter

213 2657 384 2746 sapientem
415 2671 447 2719 ct
473 2653 604 2719 stultum
626 2651 703 2719 illud
724 2656 877 2737 interest,
912 2650 1001 2744 quod
1029 2651 1141 2718 stultus

213 2796 274 2840 nec
309 2773 409 2836 risum
437 2786 580 2837 accurate
613 2767 809 2852 considerat,
830 2756 900 2835 ‘sed
938 2786 1053 2835 temere
1088 2794 1140 2835 as-

211 2889 367 2971 sentitur,
406 2904 438 2952 et
456 2888 695 2973 'imaginationis
720 2910 825 2953 errore
848 2884 939 2977 plura
971 2883 1010 2950 ad
1041 2886 1142 2951 visum
1168 2928 1170 2937 ‚

212 3003 378 3093 adjungit,
417 3029 514 3094 quam
548 3027 652 3068 revera
681 3006 715 3067 in
737 3027 773 3068 eo
794 2991 892 3069 sunt:
916 3003 1038 3092 sapiens
1057 3026 1139 3068 con-

212 3146 259 3194 tra
281 3128 313 3194 οὐ
353 3127 590 3217 συγκατατίθεται
616 3124 683 3220 cidi
709 3123 976 3217 προσεπιδοξάζει,
1003 3148 1069 3189 non
1091 3149 1142 3189 es-

211 3246 346 3311 sentitur
378 3269 483 3335 neque
514 3245 665 3338 opinione
693 3241 872 3334 quidquam
896 3241 936 3309 ad
961 3243 1062 3309 visum
1079 3240 1141 3307 ad·-

206 3363 324 3450 jnngit.
535 3446 542 3457 .
694 3450 697 3456 Δ

255 3480 355 3565 Igitur
382 3501 519 3544 assensus
551 3503 616 3545 nou
639 3479 783 3544 omnibus
801 3477 877 3543 visis
890 3472 1078 3542 tribuendus
1097 3489 1144 3540 est

211 3611 243 3660 et
274 3597 310 3660 iis
337 3596 450 3680 etiam,
483 3596 598 3684 quibus
635 3591 821 3662 tribuendus
843 3610 912 3677 est,
935 3586 1000 3659 non
1021 3590 1143 3682 aequali

207 3754 334 3770 *-

247 3841 275 3907 (1)
294 3841 356 3931 Cic.⁸
383 3843 463 3896 Aced.
488 3848 520 3906 ΙΙ,
555 3844 605 3905 12;
637 3841 707 3908 quod
734 3841 803 3893 idem
831 3839 954 3892 disertius
980 3837 1143 3907 significatur

211 3937 291 3991 Acad.
311 3944 330 4002 l,
351 3943 393 3994 11.
432 3941 459 4005 (ἵ)
478 3940 552 4002 Quod
570 3937 707 4007 exponitur
725 3938 795 4006 apud
812 3936 1001 3990 Ciceronem
1029 3935 1060 3989 de
1078 3937 1141 3986 Fato

211 4047 234 4083 c.
255 4036 296 4087 18.
