2712 4842
585 477 650 542 249

163 678 292 747 quoque
326 655 423 724 Stoici
450 655 604 748 sapienti,
635 679 755 747 quem,
789 656 855 720 Deo
882 674 1008 742 parem,
1032 647 1092 715 Dei
1121 634 1123 641 ¹

163 774 251 862 quasi
284 771 485 838 simulacrum
516 773 550 837 in
582 771 643 840 hac
664 788 768 852 terra,
803 786 951 858 tantaque
972 766 1092 834 consilii

161 890 348 977 praestantia
370 885 548 980 praeditum
568 911 630 954 esse
653 889 843 969 censebant,
867 902 903 950 ut
927 887 1091 952 vitaesuae

161 1002 242 1070 fines
266 1005 370 1070 metiri
392 1001 576 1093 ecquando
599 1027 667 1069 eam
690 1003 869 1093 relinquere
889 1001 980 1069 liceat
998 1000 1088 1091 opti-

160 1143 211 1185 me
230 1117 375 1206 judicare
405 1120 525 1210 possit,
547 1120 622 1187 huic
656 1123 762 1208 ipsum
795 1122 896 1185 Deum
919 1119 997 1184 ritae
1018 1136 1091 1182 suae

162 1236 328 1302 arbitrium
360 1234 520 1324 reliquisse
555 1238 745 1303 statuebant.
799 1237 881 1302 Huic
914 1235 1010 1320 igitur
1036 1256 1089 1298 sa·

162 1353 285 1440 pienti,
323 1376 424 1440 quum
454 1375 527 1417 eum
562 1368 677 1418 statum
705 1353 900 1435 obtinuerit,
925 1351 981 1440 qui
1003 1350 1090 1415 etin

163 1468 291 1548 animo,
326 1483 357 1532 et
386 1469 420 1532 in
449 1492 604 1555 corpore,
627 1484 659 1533 et
682 1470 715 1532 in
738 1470 832 1533 rebus
856 1468 991 1533 externis
1013 1490 1088 1539 curn

163 1585 282 1650 virtute
316 1584 449 1648 maxime
474 1585 667 1669 consentiat,
705 1585 761 1674 qui
781 1584 875 1649 vitam
900 1583 1003 1670 potius
1027 1579 1090 1646 de-

162 1716 261 1788 ponat
290 1724 386 1789 quam
419 1702 581 1767 evirtutis
602 1701 650 1767 via
671 1697 843 1781 deflectat,
878 1723 943 1764 non
964 1713 1088 1762 tantum
1124 1756 1131 1769 ,

161 1815 250 1898 lioet,
283 1815 337 1881 sed
360 1817 547 1901 etiamnum
571 1832 695 1907 oportet
717 1812 911 1908 quandoque
930 1811 1090 1881 discedere

162 1955 180 1999 e
216 1932 299 2011 vita,
337 1934 428 2019 cujus
468 1955 599 1997 munere
633 1933 673 1996 sit
707 1930 859 2014 functus,
893 1928 989 1998 modo
1007 1932 1091 2018 justa

161 2044 319 2135 migrandi
345 2072 446 2116 caussa
470 2049 498 2114 ei
523 2046 680 2132 dataqsit3
706 2046 817 2113 stultus
840 2064 949 2113 contra
969 2045 1091 2114 velho-

162 2189 216 2232 mo
249 2162 397 2250 vulgaris,
435 2164 559 2254 quippe
589 2187 721 2237 munere
747 2187 813 2229 nou
831 2162 982 2248 functus,
1006 2163 1094 2229 nullo

169 2305 259 2364 casu,
295 2304 336 2345 ue
355 2280 390 2344 iu
414 2280 542 2345 summis
563 2277 695 2368 quidem
715 2279 795 2344 vitae
822 2279 966 2362 miseriis,
985 2282 1091 2368 juste,

165 2413 349 2488 opportune
371 2394 420 2463 vel
441 2419 516 2463 cum
539 2396 658 2462 ratione
680 2417 747 2460 eam
774 2392 953 2483 relinquere
975 2413 1090 2483 potest3

165 2510 222 2578 sed
257 2536 393 2603 „quum
424 2512 609 2593 vitiorum’',
642 2526 678 2576 ut
709 2534 726 2575 e
758 2512 922 2577 Catonis
942 2515 1093 2578 sententia

159 2630 204 2694 ait
237 2629 382 2697 Cicero
420 2626 485 2717 (¹),
520 2627 600 2711 „ista
631 2625 677 2693 vis
707 2649 774 2692 non
795 2626 859 2710 sit,
892 2643 929 2692 ut
959 2652 1095 2699 caussam

150 2789 294 2807 —

198 2874 226 2941 (ί)
246 2880 283 2928 De
300 2874 360 2929 Fin.
378 2879 422 2940 ΙΙΙ,
442 2877 486 2941 18,
504 2891 583 2943 quem
600 2876 687 2927 locum
703 2873 967 2939 Tiedemannus,
990 2880 1091 2944 system

162 2969 209 3022 der
235 2970 347 3026 Stoisch.
366 2969 433 3024 Phil.
454 2975 499 3037 ΙΙΙ,
518 2976 544 3025 S.
563 2974 624 3035 318,
642 2985 777 3039 perperam
796 2969 832 3023 ita
849 2969 1034 3039 interpretatus
1053 2978 1094 3024 est

161 3065 238 3134 quasi
267 3067 385 3131 stultus,
414 3065 460 3133 qui
477 3081 530 3118 nou
548 3066 583 3119 sit
615 3066 642 3118 iu
672 3066 769 3132 majore
792 3073 865 3134 parte
883 3081 1093 3129 rerumrerum,

161 3178 228 3230 quas
253 3163 398 3215 secuudum
426 3170 547 3215 usturam
565 3177 623 3215 esse
641 3161 772 3227 dicimus,
791 3170 902 3215 mortem
920 3161 970 3215 sibi
997 3161 1094 3215 inferre
1155 3209 1158 3216 .

160 3259 275 3320 debeat;
302 3275 384 3325 quum
408 3267 498 3311 contra
514 3264 569 3310 tam
586 3274 617 3310 cx
633 3257 699 3326 ipsis
717 3257 894 3311 Ciceronis
910 3257 996 3312 verbis
1014 3275 1094 3326 quam

162 3370 177 3407 e
194 3353 377 3424 Chrysippi
396 3353 540 3418 sententia,
559 3352 625 3405 illud
643 3353 746 3415 redeat,
765 3354 876 3406 stultum
893 3370 1037 3423 numquam
1047 3355 1094 3421 ju-

162 3458 249 3512 dicare
274 3477 372 3529 posse,
391 3460 496 3529 quando
515 3476 528 3512 e
545 3457 599 3512 vita
625 3457 813 3511 discedendum
839 3459 890 3526 sit,
918 3459 964 3514 οὐκ
983 3458 1097 3533 εὐλόγως

163 3563 264 3629 ἐξάξειν
284 3564 400 3633 ἑαυτόν,
422 3586 525 3636 quum,
543 3570 647 3623 etiamsi
665 3571 787 3633 manendi
806 3571 833 3623 in
850 3571 904 3626 vita
921 3581 947 3625 et
964 3573 1095 3642 migrandi

167 3664 234 3717 ratio
250 3665 345 3733 primis
363 3664 416 3718 illis
433 3674 542 3719 naturae
559 3665 690 3719 metienda
708 3668 756 3730 sit,
776 3667 833 3735 ipsa
849 3667 912 3721 haec
923 3669 1097 3737 primauatu-

167 3777 212 3813 rae
230 3762 280 3814 sub
296 3761 426 3829 judicium
443 3746 525 3816 solitis
543 3761 669 3830 sapientis
687 3770 712 3815 et
729 3764 857 3816 delectum
867 3765 974 3831 cadant,
993 3765 1099 3836 sintque

164 3856 283 3925 subjecta
307 3857 383 3925 quasi
409 3858 532 3911 materies
550 3857 712 3927 sapientiae;
732 3859 813 3911 stulto
831 3858 912 3924 adeo,
931 3877 1014 3928 quum
1030 3863 1098 3931 ipsis

162 3951 237 4006 vitiis
266 3952 295 4006 in
311 3953 364 4010 rita
381 3953 590 4020 retineatur,rita
614 3962 698 4008 morte
724 3954 810 4023 magis
837 3956 930 4024 prosit.
951 3960 999 4022 (Cf.
1016 3975 1097 4026 supra

165 4066 192 4116 p.
212 4050 281 4117 1⁸3).
318 4055 386 4105 Hace
403 4050 485 4119 hujus
501 4049 682 4106 Ciceronis
711 4049 760 4106 loci
787 4050 901 4121 itemque
927 4054 1100 4125 Chrysippam
