2756 4830
565 416 567 423 '
621 455 688 526 sos

175 637 312 706 tarcho
345 637 387 728 (¹)
428 637 688 725 Antistheni,
724 666 742 706 a
779 640 954 727 Diogene
983 641 1107 707 Lair-⁶

172 755 230 821 tio
253 751 295 843 (²)
318 756 489 841 Diogeni
508 755 676 844 Sinopensi
699 758 860 823 tribuitur.
904 757 978 823 Non
998 772 1102 823 tamen

168 893 277 936 omnes
311 872 446 962 Cynicos
477 870 588 939 eodem
621 871 715 940 modo
740 870 880 940 docuisse
899 887 995 963 utque
1018 873 1102 937 inter

166 988 250 1073 ipsos
277 985 354 1053 odeo
377 986 473 1075 hujus
500 1004 600 1055 sectae
622 989 812 1083 coryphaeos
833 991 903 1077 jam
927 988 1101 1054 dissensum

164 1101 258 1168 fuisse
277 1128 316 1169 ex
336 1103 461 1169 illorum
484 1103 639 1194 colloquio
664 1103 822 1195 quodam,
847 1105 905 1170 nisi
929 1128 991 1196 pro
1013 1119 1100 1171 certo

166 1217 333 1302 affirmari,
358 1220 473 1308 conjici
497 1219 604 1287 saltem
625 1237 727 1310 potest
754 1218 806 1309 (³).
839 1221 952 1309 Quum
977 1218 1095 1287 Anti-

162 1333 342 1417 sthenes,
380 1338 492 1404 morho
514 1335 608 1423 longo
640 1354 671 1403 et
704 1335 867 1402 insanabili
888 1335 1094 1418 laborans,e

161 1452 354 1538 Diogene,
378 1477 453 1519 cum
485 1455 622 1544 pugione
652 1449 824 1543 aliquando
850 1451 1015 1541 adipsum
1038 1452 1100 1516 in-

158 1591 284 1653 gresso,
307 1569 378 1659 quis
400 1593 475 1636 eum
495 1567 655 1637 doloribus
677 1567 851 1635 absolveret
875 1568 1091 1659 quaesivisset,

159 1683 232 1766 hic,
267 1701 414 1776 porrecto
446 1687 604 1775 pugione,
639 1687 734 1763 Istic,
766 1686 895 1775 iuquit3
920 1682 972 1749 ilie
993 1707 1090 1750 vero:

157 1798 317 1867 doloribus
351 1799 439 1885 dixi,
475 1827 541 1869 non
571 1804 642 1870 vita.
688 1803 738 1868 Ex
766 1800 829 1867 hoc
861 1799 994 1869 fortassis
1018 1798 1088 1866 dis-

155 1940 273 2000 sensu,
307 1918 438 1984 maxime
470 1941 543 1985 vero
574 1942 612 1984 ex
632 1941 668 1984 eo
691 1916 782 2007 quod
803 1916 1084 2000 Antisthenes,

156 2036 247 2120 cujus
272 2035 350 2101 vitae
382 2058 478 2121 genus
509 2033 631 2100 mollior
651 2059 748 2122 quam
776 2033 899 2121 Cynico
929 2056 988 2125 par
1009 2048 1088 2098 esset

141 2124 245 2216 ‘fuisse
264 2147 407 2234 videtur,
433 2148 559 2217 vivendi
579 2173 659 2240 quae
678 2148 856 2238 inscriptis
875 2147 937 2212 suis
949 2145 1085 2213 dedisset

149 2283 321 2358 praecepta
344 2290 410 2334 nou
434 2288 558 2354 semper
579 2269 703 2331 secutus
727 2261 887 2344 videatur,
910 2261 1083 2350 repetenda

150 2400 227 2451 sunt
258 2383 386 2450 dicteria
422 2383 538 2472 quibus
570 2380 646 2447 alter
681 2379 813 2445 alterum
849 2381 1081 2464 insectabatur,

152 2523 255 2589 quum
279 2501 473 2585 Diogenes
498 2496 785 2565 Antisthenem
808 2520 882 2562 cum
905 2498 1000 2582 tubo,
1026 2497 1081 2566 hic

149 2613 240 2680 illum
264 2638 338 2681 cum
358 2636 470 2703 vespae
492 2611 598 2680 aculeo
620 2628 813 2701 compararet
837 2610 892 2698 ().

193 2731 352 2797 Incassum
395 2729 536 2796 laborare
574 2727 653 2793 mihi
689 2725 833 2811 viderer,
868 2731 895 2794 si
926 2730 961 2795 in
994 2746 1083 2797 tenta

150 2848 397 2913 testimoniorum
429 2846 536 2938 inopia
557 2868 596 2912 ex
625 2869 690 2911 uno
722 2843 855 2911 alterove
889 2846 1079 2933 Diogenis

148 2962 236 3031 dicto
258 2988 361 3031 veram
385 2964 453 3050 ejus
471 2962 656 3028 senteutiam
677 2959 747 3026 elici
776 2984 864 3051 posse
884 2964 1074 3049 arbitrarer3

146 3077 237 3148 valde
277 3081 360 3146 euim
403 3077 518 3145 dubito
557 3102 598 3142 an
631 3077 691 3142 sibi
724 3100 848 3168 semper
883 3080 1076 3164 constiterit,

147 3195 325 3264 dicteriisvc
372 3220 451 3284 quae
492 3192 533 3259 de
574 3217 611 3260 eo
653 3194 921 3269 circumferuntur
965 3220 1077 3282 magua

144 3313 309 3380 auotoritas
342 3307 509 3378 tribuenda
537 3310 585 3375 sit.
631 3309 671 3375 Iu
701 3309 762 3377 hac
792 3310 979 3378 obscuritate
1011 3309 1076 3379 duo

136 3460 264 3478 m

179 3537 207 3604 (¹)
226 3542 264 3590 De
280 3542 346 3607 Rep.
365 3537 443 3592 Stoic.
461 3553 489 3606 p.
508 3539 576 3590 10³9
593 3542 622 3602 Ε,
641 3553 722 3605 supra
738 3554 765 3606 p.
784 3539 845 3591 223.
883 3539 910 3604 (²)
929 3543 972 3600 vt,
991 3541 1009 3605 ς
1027 3540 1071 3593 nt.

143 3643 171 3710 (⁸)
190 3649 222 3698 Ι).
241 3648 271 3698 L.
289 3647 332 3709 v1,
352 3645 370 3711 ς
388 3647 430 3710 18,
451 3642 570 3697 suidas
588 3643 616 3694 in
631 3660 656 3697 v.
676 3633 857 3709 Ἀντισθένης,
879 3644 956 3711 cujus
972 3645 1072 3711 verba,

142 3757 173 3793 ex
190 3739 319 3793 Juliaui
337 3745 403 3807 lmp.
423 3744 494 3794 Orat.
512 3743 554 3804 VI,
574 3756 601 3808 p.
620 3742 669 3791 181
685 3740 727 3792 ed.
741 3741 860 3807 Spnnh.
880 3740 969 3808 Lips.
989 3742 1069 3806 1696,

142 3835 289 3905 exscripta,
320 3836 429 3889 correxit
455 3835 632 3903 Menagius
661 3835 695 3887 ad
723 3835 854 3888 Laertii
878 3836 917 3892 l.l.
961 3836 989 3903 (¹⁶)
1013 3837 1074 3890 Dio

79 3954 82 3958 ⁴
141 3932 315 4001 Chrysost.
341 3938 413 3988 orat.
438 3936 505 3998 vflt,
529 3949 557 4003 p.
576 3934 626 3987 130
643 3934 672 3997 C,
690 3936 722 3988 D.
741 3931 781 3987 ef.
800 3931 963 4000 Beguetti
981 3941 1071 3989 annot.

142 4028 375 4099 adh.l.,p.17
393 4044 451 4097 sqq.
