2712 4842
692 460 757 525 248

250 638 499 731 Lipsiumque
543 642 641 710 secuti
689 643 877 710 recentiores
922 636 1067 730 plerique
1101 634 1177 725 (¹),

250 757 371 825 Stoicos
394 773 528 824 mortem
552 736 757 826 voluntariam
778 760 925 824 virtutem
945 751 1084 834 duxisse,
1107 776 1179 818 eos·

251 896 316 963 que
346 896 407 939 nec
441 871 535 940 ullam
561 873 657 961 hujus
679 874 784 965 placiti
806 896 942 941 caussam
967 869 1088 937 dedisse
1118 892 1179 936 nee

249 990 311 1056 sibi
345 990 534 1068 constitisse,
570 988 626 1056 sed
658 1015 678 1056 a
717 990 837 1082 reliqua
860 990 1002 1081 ipsorum
1034 984 1180 1053 doctrina

247 1102 342 1192 longe
363 1106 538 1190 recessisse3
565 1129 665 1194 quam
678 1128 766 1172 suam
788 1106 974 1171 sententiam
995 1118 1032 1168 ut
1054 1100 1179 1169 coufir-

248 1237 357 1307 ment,
385 1222 577 1303 Zenonis,
600 1222 810 1301 Cleanthis
833 1221 1029 1310 aliorumque
1048 1220 1175 1288 Stoico-

130 1362 137 1374 ⁴
248 1362 323 1404 rum
353 1335 494 1428 exempla
530 1337 640 1404 afferre
661 1336 770 1409 solent.
807 1339 883 1435 Jure
898 1362 941 1403 an
962 1335 1038 1404 salso
1054 1337 1094 1400 ita
1111 1351 1179 1400 sta-

248 1453 390 1535 tuerint,
423 1454 529 1519 nentri
557 1454 645 1546 parti>
664 1453 820 1539 faventes,
857 1451 991 1540 agedum
1009 1449 1181 1519 accuratius

248 1566 446 1656 indagemus.

297 1685 343 1750 Ut
365 1685 503 1774 exposita
521 1684 699 1755 Stoicorum
724 1683 868 1754 doctrina
886 1685 1060 1778 sapientem
1075 1683 1180 1752 infor-

248 1801 424 1884 mavimus,
457 1802 651 1894 ipsumque,
687 1804 837 1870 omnibus
861 1802 952 1869 bouis
973 1803 1181 1880 instructum,

248 1942 368 1986 summe
404 1920 551 2001 beatum,
604 1941 666 1985 uec
699 1919 778 1985 vitae
810 1916 962 1984 illecebris
992 1918 1090 1983 teneri
1122 1940 1181 1984 neo

248 2050 383 2102 mortem
403 2032 607 2103 reformidare
629 2031 819 2118 docuimus,
841 2037 883 2100 ita
896 2058 1001 2118 nune,
1025 2031 1065 2099 ad
1082 2035 1181 2123 ipsam

249 2159 335 2228 hanc
366 2162 514 2252 sapientis
537 2163 704 2250 imaginem
725 2157 878 2249 placitum
899 2156 965 2248 περὶ
991 2167 1041 2232 τῆς
1065 2155 1182 2247 εὐλόγου

249 2283 401 2375 ἐξαγωγῆς
423 2281 614 2372 exigendum
638 2301 695 2350 est.

294 2404 341 2470 Ut
363 2424 454 2491 saepe
474 2416 615 2492 tempore
638 2399 695 2485 fit,
717 2416 754 2466 ut
771 2399 859 2490 quod
881 2416 974 2490 turpe
992 2400 1182 2493 plerumque

250 2518 362 2603 haberi
385 2516 502 2601 soleat,
524 2517 702 2584 inveniatur
723 2541 788 2584 non
809 2540 873 2584 esse
892 2533 1004 2610 turpe,
1028 2519 1181 2610 quodque

250 2631 444 2724 quibusdam
475 2635 673 2725 temporibus
709 2650 741 2698 et
776 2634 886 2701 caussis
921 2650 1014 2723 turpe
1037 2637 1096 2718 sit,
1116 2635 1185 2702 aliis

251 2752 328 2818 utile
349 2751 430 2834 fiat,
463 2765 494 2817 et
514 2766 550 2815 ut
572 2748 662 2817 alicui
685 2746 855 2839 aliquando
875 2747 996 2817 licitum
1017 2750 1183 2834 videatur,

252 2866 342 2958 quod
366 2865 429 2932 aliis
450 2868 485 2932 in
506 2863 615 2932 eadem
641 2888 744 2933 caussa
767 2890 833 2933 non
852 2865 941 2934 liceat
968 2865 1038 2956 (ἦς
1064 2883 1100 2933 ut
1117 2869 1179 2955 igi-

253 2999 309 3051 tur
341 2999 525 3050 naturarum
557 2978 731 3048 differentia
766 2997 885 3049 tautam
921 2982 983 3050 vim
1011 2983 1184 3069 habet,=nt

253 3124 499 3188 nonnumquam
528 3115 662 3165 mortem
683 3098 743 3165 sihi
765 3101 955 3167 consciscere
973 3101 1111 3168 officium
1133 3102 1185 3168 alii

253 3216 419 3301 rideatur,
443 3215 493 3282 alii
514 3216 549 3281 in
568 3214 678 3283 erdem
695 3240 799 3285 caussa
818 3234 885 3286 uon
897 3215 1038 3286 videatur
1055 3219 1115 3308 (Ἣ
1140 3221 1184 3287 ita

288 3423 317 3491 (¹)
335 3425 450 3478 Eandem
474 3424 631 3480 sententiam
649 3433 727 3494 atque
744 3426 887 3496 Lipsius
916 3426 1029 3498 amplexi
1045 3438 1108 3483 sunt
1123 3436 1184 3485 De·

258 3519 397 3585 dekind,
416 3521 535 3586 Foder,
553 3522 701 3588 Potitus,
722 3521 983 3589 'sGravesande,
1002 3525 1185 3580 AbOosteu

253 3615 291 3667 dc
309 3619 434 3683 Brnyn,
462 3618 672 3684 Hoogwerl'l,
702 3618 882 3685 Thierens,
906 3637 967 3675 vau
985 3621 1023 3675 de
1041 3627 1141 3677 Perre
1158 3632 1185 3677 et

254 3714 317 3764 Gau
347 3711 415 3765 inter
441 3711 602 3780 antiquiores
629 3712 786 3782 scriptores,
813 3715 881 3769 inter
909 3717 1066 3772 recentiores
1082 3718 1187 3785 still,

252 3808 499 3863 Nieuwenhuis
528 3817 553 3863 et
578 3809 712 3864 Fabius.
750 3812 778 3876 (ἲ)
808 3811 873 3868 Cic.
902 3813 934 3866 da
961 3815 1011 3871 Off.
1037 3821 1081 3881 111,
1099 3818 1127 3871 k.
1144 3816 1187 3871 Cf.

253 3919 404 3986 Robsck,
432 3938 515 3980 exerc.
535 3923 600 3994 phil.
619 3924 651 3978 de
669 3914 725 3974 til·
746 3916 822 3990 ἕξαγ·
844 3940 870 3993 p.
889 3927 906 3978 9
923 3941 982 3995 sqq.
1018 3927 1047 3995 (θ)
1066 3929 1106 3984 Cl.
1124 3926 1191 3982 Cic.

160 4080 162 4083 v
254 4018 468 4086 mffiLQ
