2712 4842
630 376 807 509 ¹ass

249 590 353 654 cineta
383 590 450 675 ejus
476 586 614 673 justitiae
645 610 771 657 mosum
796 601 828 653 et
844 609 1023 673 generosam
1044 583 1184 655 indolem

247 704 380 769 maxime
410 719 676 780 commoverent,-
694 701 933 792 multorumque
963 704 1022 791 qui
1052 700 1184 769 illustres

247 819 438 886 dicebantur
460 821 599 886 virorum
625 821 726 912 capite
745 818 851 885 efferri
872 835 904 885 et
928 836 1111 908 praesentes·
1124 845 1183 885 oc·

249 935 331 1003 culte
361 936 564 1021 ingemiscere
589 933 729 1018 videret,
761 936 881 1021 rogavit
909 932 1183 1025 Sarpedonem

249 1053 452 1138 magistrum,
471 1049 619 1140 Syllam
640 1076 698 1119 cur
718 1049 912 1118 interficeret
927 1055 1046 1119 nemo?
1068 1053 1183 1141 Quum

247 1167 303 1236 hic
333 1165 564 1259 respondissem
601 1169 704 1250 Puer,
741 1169 854 1235 timent
877 1169 973 1253 magis
992 1191 1065 1235 eum
1085 1193 1183 1256 quam

246 1282 394 1353 oderunt.
427 1284 518 1373 Quin
539 1284 645 1369 igitur,
669 1284 792 1371 inquit,
814 1281 893 1351 milti
916 1281 1056 1370 gladium
1073 1286 1181 1375 porri·-

245 1401 313 1486 gis‚
337 1417 396 1482 ut,
412 1423 450 1468 eo
470 1401 684 1487 interempto,
704 1399 840 1490 patriam
860 1424 888 1465 a·
902 1401 1051 1469 servante
1071 1398 1181 1467 vindi-

248 1542 319 1586 cem
341 1514 411 1605 (Ἣ

291 1635 366 1702 Non
387 1635 504 1700 mirum
524 1633 619 1720 igitur
641 1634 851 1713 Catonem,
874 1635 965 1720 eujus
980 1632 1182 1703 totavirendi

247 1748 424 1841 agendique
445 1750 524 1816 ratio
544 1750 727 1815 etiamtum
752 1751 923 1840 temporis,
949 1774 1050 1840 quum
1071 1751 1180 1818 Stoicis

247 1866 421 1957 praeceptis
450 1862 597 1932 nondum
632 1865 774 1937 imbutus
804 1881 919 1945 esset,
938 1866 1080 1951 Stoicum
1113 1871 1180 1955 ejus

245 1985 408 2070 ingenium
429 1984 499 2070 jam
521 1978 684 2073 prodidit,
708 1983 776 2072 qui,
800 1996 836 2046 ut
856 2005 980 2050 summo
999 1983 1094 2048 animi
1114 1986 1178 2050 im·

247 2117 326 2190 petu
346 2098 387 2164 ad
410 2099 557 2163 virtutem
579 2096 773 2180 ducebatur,
796 2098 837 2162 ita
859 2099 992 2163 maxime
1011 2098 1105 2167 coluit
1126 2124 1174 2167 se-

244 2241 350 2285 veram
368 2213 451 2281 illam
466 2215 620 2301 justitiam
647 2213 712 2304 (²),
743 2237 824 2303 quae
848 2213 927 2280 nulli
950 2215 1179 2283 benevolentiae

245 2351 342 2422 atque
372 2329 583 2415 indulgentiae
608 2327 714 2395 studio
735 2327 878 2412 cederet,
911 2330 1177 2423 Antipatrum

247 2451 384 2540 Tyrium
419 2447 562 2514 Stoicum
599 2445 640 2535 (³)
675 2446 709 2511 in
743 2448 988 2513 contubernium
1017 2447 1176 2526 admisse,

246 2584 279 2633 et
322 2561 644 2646 Athenodorum,
685 2564 770 2628 inter
808 2562 928 2630 Stoicos
955 2563 1177 2647 excellentem,
1266 2606 1279 2637 ,·

243 2683 387 2764 nuntiis,
408 2680 527 2762 literis,
560 2678 711 2766 legatione
731 2696 764 2745 ct
782 2678 939 2772 colloquio
957 2680 991 2746 in
1012 2683 1178 2749 amicitiam

243 2824 330 2866 suam
346 2797 469 2862 traxisse
482 2795 535 2885 (Ι).
559 2797 643 2863 Hinc
656 2819 786 2886 quoque
799 2795 916 2879 Cato,
940 2823 1040 2888 quum
1053 2798 1094 2865 de
1105 2825 1176 2864 ma-

242 2913 409 3004 gnitudine
427 2913 540 2994 animi,
563 2909 828 2991 denominanda,
851 2910 891 2978 de
901 2929 1013 2998 morte,
1038 2912 1078 2979 de
1089 2916 1176 2981 omni

242 3031 334 3099 laude
358 3032 492 3114 virtutis,
513 3026 554 3095 de
575 3026 634 3095 diis
658 3027 897 3113 immortalibus,
918 3027 958 3095 de
977 3032 1101 3097 caritate
1113 3058 1173 3120 pa·

244 3222 372 3237 ’.σο-ι-

275 3311 302 3377 (¹)
321 3325 349 3378 p.
367 3311 417 3361 761
436 3312 468 3372 Α,
486 3308 554 3362 Val.
573 3312 653 3361 Max.
671 3310 716 3370 ΙΙΙ,
735 3311 760 3360 1.
799 3307 826 3374 (Ξ)
845 3309 927 3362 Vell.
952 3312 1017 3360 Pet.
1039 3314 1173 3375 11.1t.1t,

240 3410 283 3462 stt.
321 3406 349 3474 (³)
367 3411 405 3458 De
431 3406 480 3457 hoc
498 3402 653 3471 philosopho
676 3402 792 3470 loquitur
810 3403 924 3456 Cicero
943 3405 975 3456 de
987 3405 1130 3471 off.11‚2t;
1143 3423 1173 3460 et

240 3522 293 3572 quo
318 3505 375 3556 loco
402 3500 567 3555 efficiendum
583 3498 687 3553 videtur
705 3515 766 3551 eum
785 3500 817 3554 de
834 3500 926 3553 officiis
943 3500 1097 3570 scripsisse;
1116 3507 1174 3556 Fa-

221 3598 384 3664 ,bricius,
403 3604 433 3653 Β.
451 3601 497 3652 Gr.
514 3601 547 3662 tt,
567 3613 594 3665 p.
613 3598 674 3660 388,
694 3596 766 3648 huno
782 3598 869 3649 locum
887 3597 966 3650 refert
984 3599 1017 3651 ad
1034 3599 1174 3668 Antipa-

238 3705 327 3749 trum
345 3694 453 3764 Tyrium
469 3692 621 3762 juniorem,
641 3709 705 3746 sune
723 3700 811 3746 autem
828 3694 973 3748 sententiae
995 3696 1110 3749 rationes
1128 3714 1172 3750 ser

237 3794 274 3848 tis
291 3791 439 3862 probabiles
456 3807 510 3843 non
527 3790 611 3844 affert.
631 3790 671 3844 Cf.
690 3790 774 3843 rlut.
793 3789 821 3841 in
839 3792 905 3844 Cat.
923 3790 1001 3846 Min.
1024 3809 1051 3860 p.
1069 3795 1121 3845 761
1142 3796 1170 3847 (Ι.

235 3890 267 3957 1⁸)
286 3888 374 3943 Plut.
399 3885 427 3939 in
451 3886 505 3940 vita
533 3903 560 3955 p.
587 3887 639 3940 763
662 3890 690 3940 Ε.
710 3886 750 3940 Cf.
768 3885 841 3938 Idem
857 3884 886 3939 in
902 3885 1006 3941 libellor
1029 3887 1095 3958 phil.
1113 3904 1171 3944 esse

240 3998 300 4042 eum
318 3985 402 4058 print.
421 3988 448 4054 ρ’.
465 3986 517 4039 777
535 3986 566 4039 Α.
