2756 4830
634 448 701 516 323

103 690 106 699 ¹
192 652 204 665 ⁴·
222 616 337 697 decipit
352 625 486 683 humanos*
500 629 592 686 odium
609 630 729 700 lucisque
744 628 889 696 ridendae,

221 726 256 779 Ut
276 723 328 778 sibi
350 723 513 781 consciscant
531 728 659 781 moerenti
677 735 781 796 pectore
800 724 919 790 lethum

218 820 302 873 vObliti
319 821 421 879 sontem
438 838 561 877 curarum
577 825 649 878 huno
665 839 723 878 esse
740 823 881 885 timorem,

219 919 297 970 Hunc
313 933 406 972 vexare
423 919 571 989 pudorem,
590 925 667 973 Hunc
682 918 787 974 vincula
804 915 930 971 amicitiai·

189 1001 192 1005 ’
217 1013 370 1082 Rumpere,
387 1021 415 1068 et
431 1013 460 1067 in
476 1029 582 1068 summa
599 1013 724 1085 pictatem
740 1021 854 1069 evertere
870 1013 964 1069 fundo.

182 1140 348 1240 Denique,
381 1164 550 1241 postquam
570 1150 782 1218 Democriti
808 1147 850 1239 (¹)
872 1165 906 1216 et
925 1144 1108 1239 Epicuri,

182 1265 242 1355 qui
276 1287 363 1330 senes
403 1267 482 1333 vitae
509 1290 582 1334 suae
605 1266 705 1332 finem
727 1266 967 1356 imposuerunt,
992 1266 1111 1335 exitum

179 1404 257 1447 cum
278 1381 380 1471 specie
401 1379 538 1471 quadam
560 1380 839 1450 commendationis
861 1380 1031 1467 retulerat,
1056 1405 1110 1447 se-

181 1513 365 1581 nectutem,
401 1497 612 1566 imbecillitate
646 1515 811 1584 vexatam,
841 1501 959 1587 justam
992 1521 1011 1564 c
1045 1500 1107 1565 vita

180 1612 351 1707 recedendi
381 1638 518 1681 caussam
539 1639 603 1680 esse
627 1632 735 1683 censet
754 1613 823 1705 (²),
846 1641 942 1706 quam
972 1638 1110 1682 caussam

177 1730 324 1808 ,nouimus
346 1756 363 1796 a
385 1724 542 1799 nonnullis
554 1733 646 1798 etiam
668 1732 779 1800 Stoicis
794 1753 857 1798 esse
871 1732 1037 1822 probatam
1050 1728 1106 1820 (ἢκ

217 1889 257 1938 Tu
274 1901 334 1939 vero
352 1884 487 1941 dubitabis
502 1892 531 1938 et
547 1883 719 1954 indignabere
735 1882 826 1951 obire,

216 1986 319 2034 Mortua
336 1980 398 2050 quoi
415 1980 468 2035 vita
487 1988 528 2034 est
543 1997 624 2050 prope
640 1982 696 2049 jam
716 1980 774 2036 rivo
792 1988 872 2049 atquc
890 1979 1010 2037 ridenti?

215 2075 266 2141 Qui
287 2093 379 2130 somno
396 2084 497 2146 partem
512 2077 638 2144 majorem
655 2074 768 2131 conteris
785 2074 861 2130 aevi?

217 2177 249 2227 Et
265 2172 379 2241 vigilans
395 2173 502 2239 stertis,
520 2186 568 2228 nec
585 2171 688 2227 somnia
705 2187 809 2227 cernere
826 2186 932 2240 cessas,

218 2268 411 2338 Sollicitamqne
426 2268 501 2339 ¹qcris
516 2284 591 2325 cassa
607 2267 748 2324 formidine
764 2259 904 2324 mentem?

187 2422 418 2505 Lucretius,
452 2422 600 2491 amatorio
625 2421 739 2515 poculo
761 2421 795 2488 in
816 2421 955 2491 furorem
984 2448 1109 2512 versus,

180 2564 283 2630 quum
317 2536 436 2630 aliquot
468 2536 563 2605 libros
594 2562 654 2631 per
685 2538 846 2605 intervalla
871 2541 1005 2607 insaniae
1027 2568 1109 2610 con-

178 2655 375 2745 scripsisset,
411 2652 539 2722 taudem
561 2654 691 2746 propria
706 2677 739 2722 se
760 2679 856 2721 mauu
877 2655 1036 2724 interfecit
1058 2655 1111 2749 (²).

216 2930 244 2998 (¹)
262 2937 300 2984 Do
316 2931 397 3001 hujus
414 2917 498 2984 morte
514 2938 684 3001 veterumque
700 2932 824 2986 dissensu
840 2930 899 2988 vide
917 2938 949 2987 D.
961 2937 992 2987 L.
1010 2932 1038 2985 in
1050 2935 1110 3002 ejus

179 3027 244 3091 vita,
259 3033 303 3093 tx,
321 3030 398 3096 943,
416 3028 533 3082 Athen.
552 3028 646 3097 Deipn.
665 3032 697 3092 ll,
715 3045 744 3097 p.
755 3030 790 3081 46
801 3033 831 3094 Ε,
845 3026 982 3081 suidam
993 3027 1021 3081 in
1033 3045 1110 3092 voce,

180 3135 349 3206 Baplium,
368 3137 435 3192 Dict.
455 3144 504 3191 art.
526 3136 731 3201 Democrito,
754 3144 810 3191 not.
835 3141 898 3190 Eet
920 3141 956 3191 Μ.
978 3139 1053 3191 Ant.
1072 3130 1111 3198 εἰς

177 3241 289 3311 ἑαυτὸν,
310 3251 354 3312 111,
372 3250 391 3316 ὃ
406 3248 433 3312 3,
450 3245 496 3315 qui
511 3253 601 3301 tamen
617 3246 842 3301 Democritum
852 3262 914 3300 cum
924 3247 1112 3317 Pherecpde

180 3343 332 3396 confudisse
352 3342 465 3399 videtur.
483 3343 523 3398 Cf.
540 3344 658 3398 Gatalr.
677 3343 711 3398 ed
729 3343 756 3398 b.
768 3342 788 3398 l.
825 3343 852 3409 (Ι)
872 3347 915 3407 ΙΙΙ,
932 3360 957 3398 v.
971 3347 1039 3399 1058
1050 3362 1110 3414 sqq.

181 3439 209 3506 (³)
228 3439 277 3493 (ΙΙΙ.
297 3455 378 3508 snpra
403 3457 431 3509 p.
454 3442 515 3505 228,
535 3441 587 3494 232
610 3456 651 3507 sq.
677 3447 782 3493 etcum
802 3440 851 3493 hoc
872 3440 1029 3494 Lucretii
1052 3443 1109 3495 loco

180 3538 320 3602 Seneca,
337 3539 385 3605 Ep.
398 3539 448 3590 58:
486 3577 505 3602 ,,,
514 3541 571 3590 Non
584 3535 729 3604 relinquam
740 3543 917 3601 senectutem,
930 3534 954 3589 si
966 3552 1008 3589 mc
1023 3544 1109 3590 totum

179 3631 246 3685 mihi
270 3631 425 3687 reservabit:
451 3639 537 3685 totum
557 3640 645 3686 autem
665 3632 698 3685 ab
716 3631 762 3685 illa
781 3639 855 3700 purte
874 3630 990 3686 meliore.
1025 3636 1060 3685 At
1084 3632 1108 3686 si

177 3728 294 3799 coeperit
322 3737 459 3783 concutere
490 3737 626 3794 mentem,
655 3727 678 3780 si
708 3734 796 3796 partes
816 3728 874 3796 ejus
899 3729 1063 3794 convellere,
1085 3726 1109 3782 si

179 3825 246 3879 mihi
263 3843 316 3879 non
335 3825 416 3881 vitam
436 3823 589 3894 reliquerit,
611 3824 658 3877 sed
679 3822 815 3887 animam3
834 3823 1017 3892 prosilientes
1037 3824 1111 3877 aedi-

180 3921 240 3975 ficio
258 3921 364 3991 putrido
382 3938 411 3975 ac
431 3920 543 3977 ruenti”.
582 3919 609 3985 (Ι)
627 3920 742 3973 Euscb.
767 3920 861 3974 Chron.
883 3919 941 3973 Lib.
959 3925 991 3985 ΙΙ,
1013 3937 1039 3989 p.
1061 3924 1113 3974 150*

179 4018 224 4073 ed.
248 4019 350 4087 Lugd.
372 4020 453 4072 1606:
469 4018 509 4072 Cf.
531 4015 716 4082 FnuoeiuS,
737 4015 771 4068 de
790 4016 903 4073 adolcsc.
924 4020 981 4070 Lat.
1006 4015 1072 4087 ling.
1088 4033 1112 4073 c.

931 4114 1002 4182 21*
