2712 4842
179 600 263 692 quid
283 603 420 668 muniis
416 601 598 691 muueris,
613 599 753 692 pediu
779 599 899 673 leuue
888 610 995 688 sperum
1017 600 1114 689 quem

176 721 295 806 agimus
322 717 430 803 diem,
462 740 538 786 eum
572 735 671 785 morte
703 715 886 787 dividimus
940 715 1111 808 Quemed⁶
1214 700 1217 706 ¹

178 835 310 903 modum
339 833 537 929 clepsydram
556 858 622 903 uun
641 851 818 902 extremum
838 831 1032 914 stillicidium
1050 857 1111 903 ex-

179 952 306 1036 haurit,
343 951 399 1019 sed
431 948 594 1043 quidquid
628 968 701 1019 unte
734 951 892 1035 defluxit3
926 953 971 1020 sie
1000 949 1110 1018 ultima

177 1069 285 1153 horu,
294 1092 357 1161 qua
379 1091 443 1136 esse
462 1067 656 1152 desinimus,
680 1090 746 1136 nou
770 1068 831 1137 suls
852 1084 987 1137 mortem
1010 1069 1109 1151 facit,

178 1180 232 1252 sed
253 1186 316 1254 sols
335 1204 542 1254 consummat.
589 1189 687 1253 Tunc
709 1185 750 1252 u'd
774 1186 858 1253 illam
885 1189 1109 1277 pervenimus,
1196 1197 1202 1205 '

176 1301 233 1368 sed
266 1300 325 1369 diu
351 1304 503 1370 venimus'
507 1302 595 1393 '¹.()
638 1305 706 1370 Nee
730 1318 854 1370 tautum
872 1327 926 1369 sua
946 1300 988 1369 de
1008 1319 1111 1370 morte

176 1422 352 1498 sententia
376 1419 431 1487 sed
452 1422 547 1488 etiam
571 1436 758 1508 argumente
777 1445 796 1485 e
817 1422 1009 1488 contrarios
1030 1422 1111 1486 vitae

178 1538 334 1602 aerumnis
364 1552 396 1603 et
429 1538 566 1603 satietate
599 1539 724 1630 petito,
768 1539 875 1604 mortis
911 1552 1109 1605 contemtum

180 1650 400 1720 commendare
415 1653 567 1721 solebant.
589 1655 628 1719 lu
648 1656 710 1721 vitu
732 1657 818 1721 enim
842 1653 957 1720 nullius
977 1677 1022 1719 rer
1013 1652 1110 1719 linis

179 1786 244 1852 est,
278 1768 374 1835 sed
365 1794 399 1836 ιιι
430 1772 541 1838 orbem
572 1795 653 1837 nexa
678 1787 753 1837 sunt
773 1772 902 1839 omnia·
929 1771 1056 1858 fugiunt
1076 1796 1113 1839 ee

179 1902 369 1976 sequuntur.
405 1887 498 1952 Diem
517 1910 582 1953 uox
603 1889 740 1979 premit,
763 1887 828 1953 dies
848 1904 992 1955 noctem·
1017 1903 1112 1954 aestus

180 2006 215 2068 in
238 2017 429 2069 autumnum
452 2000 585 2083 desinit,
609 2021 762 2071 autumno
780 2004 910 2070 hiems
902 2021 1016 2088 instet,
1030 2028 1112 2096 quae

181 2142 253 2185 vere
276 2120 498 2206 compescitur.
542 2121 660 2186 Omnia
683 2138 867 2203 transeunt,
890 2136 927 2186 ut
943 2139 1111 2188 revertun-

182 2253 255 2302 tur.
281 2234 361 2301 nihil
384 2237 460 2302 novi
481 2233 642 2318 videmus,
665 2236 746 2303 nihil
766 2239 840 2304 novi
862 2238 1003 2307 facimus.
1029 2240 1114 2307 Hine

180 2350 289 2418 eudem
318 2349 453 2419 faciendi
484 2349 680 2442 videndique
707 2332 850 2436 satietas,
882 2370 914 2420 et
945 2356 1026 2423 vitae
1046 2381 1113 2423 nou

179 2465 290 2535 odium
333 2466 388 2534 sed
426 2466 610 2554 fastidium3
651 2469 728 2537 hinc
756 2470 846 2536 multi
883 2495 948 2537 non
981 2470 1114 2561 quidem

179 2586 330 2652 acerbum
345 2581 494 2673 judicant
516 2586 640 2666 vivere,
662 2583 718 2649 sed
731 2602 836 2652 tamen
848 2587 1046 2678 superfluum
1057 2587 1111 2676 (²)

224 2701 394 2767 Mortem
384 2703 478 2787 igitur
503 2703 624 2793 sapiens
646 2702 781 2792 propitia
802 2702 992 2796 placidaque
1004 2721 1111 2771 mente

178 2833 339 2909 exspectet
373 2833 525 2907 tanquam
562 2821 702 2908 corporis
725 2820 862 2887 universi
883 2821 946 2888 sive
968 2820 1110 2888 elemen-

104 2978 108 2986 =
179 2950 358 3020 torum‚e
392 2936 510 3025 quibus
544 2932 801 3036 unumquodque
838 2936 952 3003 animal
986 2941 1110 3029 consis-

179 3066 246 3134 tat,
282 3052 489 3119 mutationem
514 3070 545 3118 et
568 3051 802 3119 dissolutionem
825 3051 879 3143 (³).
925 3053 1111 3122 Consideret

177 3191 227 3233 res
247 3168 306 3233 sibi
329 3169 483 3256 subjectas
503 3196 520 3234 a
544 3171 660 3260 quibus
681 3186 782 3236 morte
801 3167 966 3237 divellatur
984 3188 1016 3237 et
1034 3196 1109 3241 mo·

177 3309 226 3350 res
258 3284 426 3352 hominum
459 3288 652 3378 quibuscum
672 3311 873 3354 communem
892 3289 990 3356 vitum
1007 3287 1108 3377 dege-

176 3403 241 3487 rit3
279 3405 419 3470 inveniet
452 3429 513 3472 nec
533 3430 581 3471 res
602 3422 744 3471 externus
763 3406 843 3471 tanti
867 3407 959 3498 pretii
985 3429 1048 3472 esse
1071 3424 1109 3472 ut

177 3535 311 3611 propter
340 3543 388 3586 eus
425 3518 543 3587 diutius
575 3523 678 3588 vivere
701 3523 828 3613 cupiat,
863 3546 968 3614 neque
993 3524 1108 3590 imme-

177 3659 247 3703 mor
275 3637 360 3716 erit,
395 3635 484 3728 quod
521 3638 561 3703 ab
596 3637 777 3704 hominibus
805 3663 871 3705 non
899 3636 983 3704 idem
1004 3663 1112 3707 secum

213 3891 240 3957 (¹)
260 3896 331 3947 sun.
359 3898 407 3962 up.
432 3896 476 3949 us.
514 3897 542 3961 (ι)
562 3900 631 3949 seu.
650 3896 690 3949 ιι.
709 3895 749 3949 ιι,
768 3899 804 3949 ιι.
823 3901 895 3952 Aut.
914 3900 946 3961 ιι,
965 3900 984 3964 ι
1002 3899 1045 3953 ιι.
1082 3899 1109 3964 (ι)

178 3993 214 4042 Μ.
233 3992 306 4043 Ant.
325 3994 357 4055 11,
377 3993 395 4057 δ
413 3994 456 4045 17.
