2712 4842
683 446 748 509 noo

261 627 445 715 juseenqne
478 627 614 693 miseriae
648 625 809 693 evitandae
845 647 947 692 caussa
983 623 1061 687 vitae
1089 619 1196 686 dinem

261 742 321 807 sibi
343 740 510 808 accelerare
530 743 702 834 pulchrum
723 762 755 808 et
777 741 942 829 gloriosum
961 737 1121 804 duxerint.

310 858 574 939 Moshemius‚
597 862 737 948 iniquius
760 861 792 923 in
818 874 960 925 nostrum
983 854 1200 946 placitemin-

266 990 393 1054 vectus,
424 975 581 1062 vulgarem
615 976 825 1041 recentiorum
844 990 968 1040 secutus
989 971 1199 1051 sententiam,

264 1090 298 1154 in
333 1089 477 1158 doctrina
499 1115 560 1156 -sua
587 1090 731 1158 moralia
761 1088 931 1158 Millero
952 1087 1036 1154 edita
1059 1085 1100 1172 (¹)
1124 1111 1198 1154 cen·

263 1221 309 1271 set
333 1207 453 1273 Stoicos
477 1207 605 1272 eximiae
635 1231 706 1273 suae
728 1205 890 1274 doctrinae
915 1204 1023 1271 morali
1044 1226 1199 1270 summam

263 1320 449 1411 adspersisse
469 1322 645 1407 maculam,
675 1348 776 1413 qrrum
799 1347 864 1390 non
887 1338 1011 1388 tantum
1038 1321 1197 1408 principia

263 1435 418 1527 quaedam
448 1440 676 1505 constituerent
697 1438 874 1508 secundnm
914 1462 995 1530 quae
1026 1438 1074 1503 sui
1100 1438 1197 1528 ipsios

261 1577 373 1622 necem
396 1553 631 1636 concederent,
654 1552 709 1620 sed
729 1554 807 1622 adeo
832 1554 999 1622 nonnullos
1017 1578 1125 1620 eornm
1139 1554 1195 1643 qui

264 1685 400 1734 mortem
431 1670 494 1736 sibi
531 1672 740 1738 consciverint
766 1688 812 1737 nt
837 1673 917 1739 viros
953 1670 1134 1757 foedissimos
1161 1669 1193 1732 in
1239 1695 1241 1700 ’

261 1785 384 1851 eoelum
410 1786 580 1874 tollerent,
607 1803 805 1878 mortemque
827 1786 1034 1856 voluntariam
1046 1787 1194 1854 virtutem

261 1901 428 1969 ducerent.

304 2020 583 2110 Meyboomitie
616 2017 657 2110 (²)
680 2019 722 2087 de
744 2020 853 2088 Stoico
874 2022 1014 2113 sapiente
1046 2019 1190 2087 locutus:

257 2135 378 2224 „Suae
411 2138 549 2221 sortis”,
585 2139 716 2226 inquit,
739 2136 950 2221 „moderator
970 2139 1061 2229 ipse,
1085 2138 1191 2205 inter-

258 2251 336 2317 dum
375 2276 527 2341 quoqne,
560 2255 585 2317 si
619 2255 660 2318 ita
695 2270 858 2344 oporteat,
883 2255 979 2320 vitam
1003 2253 1189 2344 abrnmpit,

257 2392 325 2433 non
350 2367 442 2460 culpa
465 2366 614 2451 adactus,
638 2372 787 2461 quoniam
808 2369 869 2437 hae
889 2385 998 2452 vacat,
1020 2366 1074 2437 sed
1093 2369 1118 2434 si
1140 2367 1187 2434 vel

254 2486 319 2550 sint
351 2485 412 2576 ipsi
446 2484 493 2550 vel
523 2486 590 2551 fore
613 2484 934 2575 rideantur'plnrima
956 2502 1083 2551 naturae
1107 2508 1188 2551 con-

213 2618 221 2635 ·
258 2601 376 2686 traria3
412 2618 504 2683 tum,
541 2600 671 2691 quando
689 2604 800 2669 ¹omnia
823 2598 951 2668 subacta
968 2618 1064 2684 sunt,
1101 2601 1188 2669 ferox

257 2719 380 2784 animus
415 2719 562 2809 sapientis
593 2743 658 2786 non
690 2720 850 2801 flectitur,
874 2743 934 2785 nec
959 2716 1063 2785 cedit:
1092 2719 1186 2784 resis·
1220 2804 1225 2817 Ι

253 2836 315 2911 tir,
341 2851 498 2923 quantum
523 2835 603 2901 vires
630 2835 738 2902 ferunt
751 2887 761 2920 ‚
788 2860 869 2926 qnae
887 2834 1092 2913 sideficiant‚
1115 2838 1186 2926 spi-

251 2952 350 3016 ritum
370 2949 481 3032 illum,
505 2976 600 3041 quem
623 2978 681 3044 per
700 2970 798 3020 totam
823 2953 917 3018 vitam
938 2952 1072 3018 liberem
1088 2969 1120 3016 et
1131 2954 1205 3016 in··

252 3070 374 3134 victum
384 3066 516 3151 habuit,
538 3068 675 3134 liberum
689 3094 834 3160 quoque,
859 3068 944 3134 nulla
954 3069 1110 3135 servitutis
1119 3067 1187 3133 labe

253 3186 512 3265 contaminatum,
539 3185 673 3269 emittit,
702 3203 733 3251 et
751 3185 880 3252 alteram
903 3185 970 3251 adit
990 3187 1097 3267 vitam,
1124 3210 1186 3275 qua

252 3324 325 3366 curn
353 3300 389 3363 iis
426 3303 660 3387 conjungatur,
695 3304 753 3390 qui
781 3297 885 3389 ipsum
917 3303 1185 3371 antecesserunt''.

294 3421 390 3499 „Les
425 3417 617 3502 Stoiciens’'‚
656 3434 693 3485 ut
729 3419 826 3484 refert
853 3417 1092 3486 Gharronus
1118 3417 1184 3506 (Β),

247 3598 356 3615 -U-

223 3689 225 3696 ·
284 3675 313 3740 (¹)
331 3675 418 3742 Hujus
443 3674 548 3743 operis,
579 3674 727 3742 germanice
744 3673 902 3743 conscripti,
921 3673 1052 3741 belgicum
1078 3681 1184 3726 tantum

158 3760 162 3766 ’
245 3770 394 3824 versionem
420 3771 508 3838 legere
539 3770 604 3822 mihi
632 3770 760 3838 contigit:
789 3776 813 3825 J.
832 3770 1006 3835 eniller,
1026 3770 1058 3822 de
1076 3770 1182 3834 Zedenl.

246 3867 293 3920 der
311 3872 344 3921 Η.
364 3871 390 3921 S.
409 3883 459 3919 ven
477 3872 501 3922 J.
520 3871 550 3921 L.
569 3884 633 3920 van
651 3865 826 3931 Mosheim,
846 3867 910 3919 door
927 3868 981 3921 Ad.
1010 3867 1093 3922 AB²'.
1124 3881 1183 3921 ven

246 3964 440 4027 Moerheek‚
459 3968 502 4028 vt,
521 3967 540 4031 §
559 3967 602 4028 11,
620 3963 657 4017 ht.
676 3965 729 4016 oto
747 3964 817 4030 volg.
856 3964 883 4028 (²)
903 3967 951 4032 Op.
970 3963 990 4018 l.
1009 3980 1036 4032 p.
1055 3964 1116 4018 134.
1153 3963 1181 4028 (ὃ)

245 4067 282 4116 lte
308 4062 335 4115 le
361 4065 491 4132 Segesse,
521 4060 577 4116 Lis.
596 4066 627 4126 11,
647 4061 693 4115 Ch.
713 4062 845 4128 X1,§20
863 4061 905 4115 ed.
925 4065 995 4116 Per.
1017 4062 1094 4115 1635.
