2712 4842
695 451 760 518 254

259 635 352 703 λύνειν
382 636 490 706 ἑαυτόν.
532 644 580 712 Ex
612 648 730 736 quibus
753 652 888 734 caussis,
913 674 987 718 cum
1010 652 1195 721 Platonis

259 770 292 820 et
328 754 476 823 Plotini
510 786 591 851 qnae
622 783 852 855 praecesserant
874 770 1034 833 sententiis
1059 768 1173 837 collatis
1188 820 1214 865 ‚,

260 870 345 939 hanc
376 880 675 960 argumentationem
700 880 851 975 deinceps
873 883 1036 951 concludit
1057 885 1200 977 Olym-

259 999 519 1093 piodorus(¹):
545 1006 587 1069 Τί
613 996 661 1070 οὖν
692 1008 773 1095 ἡμεῖς
803 1009 906 1099 φαμέν.
935 1008 973 1083 εἷς
990 1010 1143 1100 ἀντίφασιν
1154 1009 1198 1103 (²)

259 1127 322 1217 γάρ
352 1130 471 1220 περιέςη
497 1128 537 1219 (⁸)
569 1130 584 1195 ὁ
616 1129 708 1220 λ.ο’γος
742 1137 803 1206 πῶς
829 1133 888 1224 γάρ
919 1130 968 1197 καὶ
998 1134 1132 1223 ἀθέμιτον
1166 1135 1201 1202 τὸ

259 1250 374 1342 ἐξάγειν
401 1253 518 1322 Δἑοιντόν
531 1306 543 1342 ,
591 1254 640 1321 καὶ
666 1256 802 1346 εὐλογον;
830 1258 848 1328 ἢ
875 1258 907 1323 οὐ
933 1255 985 1324 δεῖ
1006 1259 1058 1347 μὲν
1084 1258 1202 1350 ἐξάγειν

260 1378 359 1446 ἑαυτὸν
404 1385 469 1447 ὅσον
510 1379 557 1447 ἐπὶ
601 1388 643 1470 τῷ
668 1383 791 1471 σώματι·
835 1382 905 1474 πρὸς
943 1388 1026 1472 κακῷ
1052 1389 1112 1475 γάρ
1151 1384 1202 1459 ε’ςι

261 1515 342 1573 τοῦτο
375 1507 417 1598 (⁵)
445 1512 487 1596 τῷ
515 1509 641 1596 σώματι·
673 1507 753 1571 ἀλλὰ
784 1505 833 1572 καὶ
865 1507 981 1598 εὐλογον
997 1506 1111 1598 ἐξάγειν
1127 1508 1204 1573 ἑαν-

260 1634 338 1719 nn,
380 1630 435 1698 dici
468 1634 567 1721 μεῖζον
596 1631 705 1722 ἀγαθὸν
734 1632 883 1699 ονντελοῦν
927 1643 962 1723 τῇ
1007 1634 1102 1724 ψυχῇ.
1139 1632 1201 1700 οἷον

259 1759 298 1834 ὡς
330 1766 415 1830 ἥνικα
440 1756 602 1843 βλάπτεται
633 1757 688 1824 ὑπὸ
716 1765 765 1824 τοῦ
795 1761 938 1847 σώματος.
971 1766 1069 1851 ὥσπερ
1100 1763 1200 1851 γάρὸ

261 1884 461 1972 βουλευόμενος
495 1884 589 1948 ἐκεῖνα
618 1884 741 1973 αἱρεῖται
773 1880 815 1959 οἷς
845 1884 990 1950 ελάοσονα
1022 1885 1074 1973 μὲν
1119 1888 1200 1950 νακά

260 2013 359 2076 ἕπεται
388 2010 506 2098 μάζονα
534 2006 570 2074 δὲ
598 2009 709 2097 ἀγαθά.
738 2008 787 2073 καὶ
817 2015 916 2099 ὥσπερ
945 2012 1059 2075 ἀνόσιον
1078 2009 1130 2099 μὲν
1146 2012 1201 2101 pi-

259 2132 305 2224 λῳ
333 2135 499 2223 τυπτομένῳ
529 2136 570 2222 μὴ
601 2134 735 2222 άγιύνειν,
766 2134 791 2199 εἰ
823 2131 858 2199 δὲ
887 2136 1019 2203 τύπτοιτο
1045 2135 1100 2202 ὑπὸ
1131 2161 1200 2201 πα-

261 2261 325 2351 τρὸς
353 2261 404 2326 οὐκ
434 2260 550 2349 εὐλογον
577 2258 710 2347 ἀμύνειν,
736 2262 809 2324 οὕτω
841 2257 889 2323 καὶ
923 2260 1042 2327 ἐνταῦθα
1060 2259 1109 2324 καὶ
1125 2262 1201 2327 cide-

261 2385 345 2476 μιτὸν
386 2379 500 2474 ἐξάγειν
542 2384 639 2450 ἑαυτὸν
657 2381 712 2449 διὰ
732 2384 764 2450 τὸ
795 2390 883 2472 σῶμα
907 2383 956 2450 καὶ
988 2385 1103 2476 εὐλογον
1131 2385 1202 2453 ποτὲ

261 2510 319 2578 διά
365 2513 416 2583 τὴν
458 2510 574 2599 ψοχήν,
615 2509 823 2584 λυσιτελοῦντος
865 2509 939 2600 αὐτῇ
977 2536 1045 2579 ποτε
1086 2513 1196 2577 τούτου.

263 2632 503 2699 Disertissimuna
522 2628 612 2694 hunc
631 2626 735 2694 locum
756 2643 856 2694 totum
877 2627 929 2694 hie
950 2625 1200 2695 describendum

261 2773 328 2814 esse
348 2746 444 2827 duxi,
469 2772 543 2813 cum
565 2744 638 2837 quia
660 2768 726 2808 non
750 2745 785 2807 in
812 2745 955 2809 omnium
967 2747 1110 2809 manibus
1125 2769 1200 2810 ver-

262 2881 374 2947 satur,
416 2879 484 2928 tum
513 2862 585 2951 quia
615 2858 775 2945 vulgarem
812 2859 989 2926 Stoicorum
1012 2864 1201 2929 sententiam

264 3007 331 3048 nno
353 2980 441 3071 quasi
466 2994 638 3069 conspectu
662 2992 694 3041 et
717 2975 849 3061 eleganti
870 2978 1101 3066 comparatione
1124 2990 1203 3046 cnm‘

265 3101 429 3181 convivio,
453 3096 564 3165 Stoicis
580 3096 658 3158 item
676 3093 898 3183 frequentata,
925 3096 1088 3184 proponit.

310 3217 365 3280 His
388 3214 533 3302 quinque
555 3234 572 3276 e
594 3190 657 3275 vita
677 3200 850 3275 excedendi
869 3212 980 3276 caussis
1002 3236 1017 3274 a
1039 3210 1200 3276 nonnullis

263 3355 304 3398 ex
339 3330 411 3420 ipsis
444 3327 566 3394 Stoicae
598 3323 760 3392 doctrinae
793 3325 957 3419 principiis
978 3325 1055 3391 haec
1078 3329 1201 3414 objici2

264 3465 384 3515 untur:
434 3446 555 3511 bonnm
589 3457 621 3506 et
653 3442 802 3507 virtutem
837 3459 977 3507 constare
1009 3459 1134 3508 tantuin
1164 3445 1201 3510 in

262 3560 453 3657 appetendis
482 3557 704 3648 fugiendisque
723 3559 758 3622 iis
779 3560 873 3624 rebus
893 3584 973 3648 quae
992 3562 1118 3625 suntin
1134 3585 1198 3626 no-

262 3700 327 3748 stra
356 3695 525 3770 potestate,
558 3676 707 3742 virtutem
742 3676 837 3761 igitur
869 3678 960 3742 nobis
986 3678 1091 3742 invitis
1111 3677 1199 3744 nullo

261 3797 362 3866 modo
378 3795 494 3862 anserii
511 3817 620 3880 posse3
645 3794 769 3859 beatam
785 3794 882 3859 vitam
904 3819 978 3861 cum
999 3795 1113 3860 virtute
1131 3819 1197 3861 esse

265 3961 387 3975 ἰι-ι-

755 4051 773 4079 ¹?

298 4068 372 4131 (¹21).
393 4064 466 4123 3811.
507 4057 533 4119 (²)
554 4050 716 4121 άντὶγοατιν.
753 4055 781 4117 p)
801 4049 911 4121 περίεςι.
950 4052 976 4117 (⁸)
998 4051 1092 4121 τούτῳ.
