2756 4830
705 436 777 507 310

276 639 382 689 tamen
412 618 501 701 loca,
537 642 617 710 quae
651 617 773 711 aliquid
805 617 884 688 lucis
916 619 1027 687 afferre
1064 639 1218 711 possent,

225 716 228 725 ,
280 764 347 806 non
372 734 653 832 praetermittenda
686 754 773 803 sunt.
821 739 934 827 Quum
963 738 1217 830 Speusippus

281 874 371 941 aeger
408 856 443 919 in
479 850 683 920 Academiam
719 852 863 921 vehiculo
900 854 1036 920 serretur
1077 879 1219 946 eumque

283 971 413 1039 obvium
443 968 612 1037 salutarcts
644 972 700 1034 Tu
727 993 822 1053 vero,
856 964 985 1062 iuquit,
1017 996 1220 1062 nequaqnam

285 1087 389 1173 salve,
424 1088 505 1176 qui,
542 1110 644 1177 quum
676 1085 743 1151 talis
774 1087 838 1168 sis,
873 1089 977 1153 vivere
1008 1090 1142 1152 sustines
1165 1086 1222 1176 (¹).

286 1206 359 1293 Ipse
392 1224 486 1288 vero,
523 1225 626 1293 quum
660 1203 746 1289 gravi
762 1182 902 1268 ⁸humeri
937 1194 1044 1270 dolore
1068 1202 1223 1270 laboraret

285 1338 318 1387 et
347 1320 460 1410 aliquis
488 1343 597 1386 corum
627 1319 684 1409 qui
713 1321 741 1384 ei
774 1318 889 1384 infensi
920 1336 1010 1385 erent
1044 1318 1222 1385 mordacius

286 1460 360 1503 eum
394 1437 619 1516 insectaretur,
658 1432 789 1516 dicens,
823 1438 943 1523 qnare,
976 1461 997 1504 o
1029 1437 1222 1522 Diogene,

254 1566 257 1567 ’
288 1574 356 1620 non
381 1554 461 1620 vitae
490 1568 560 1617 urae
591 1550 692 1618 finem
723 1552 859 1653 imponis
882 1568 977 1643 teque
1002 1553 1108 1645 ipsum
1134 1551 1223 1617 malis

287 1674 425 1743 liberos?
448 1675 492 1740 ita
515 1673 713 1764 respondisse
733 1675 836 1741 fertur
851 1675 916 1765 (²):
969 1676 1044 1752 Τοὺς
1069 1674 1222 1751 εἷᾶόταςᾶ

289 1951 323 2019 γε
353 1931 409 2014 ζῇν
433 1930 584 2016 προσήκει.
638 1924 689 1991 Ex
720 1926 838 2013 quibus
861 1922 936 1991 locis
954 1922 1034 1989 illud
1057 1925 1146 2013 sequi
1170 1924 1223 1989 vi-

292 2036 408 2121 detur,
431 2043 672 2127 Diogenem,
696 2056 760 2105 tam
782 2037 1002 2106 fortitudinem
1023 2041 1059 2135 in
1085 2037 1243 2121 ferendis·

293 2157 453 2226 doloribus
485 2178 582 2247 quam
614 2156 722 2222 mortis
753 2172 948 2223 contemtum
980 2154 1022 2246 (³)
1059 2180 1224 2223 commen-

295 2273 449 2356 dantem,
482 2297 549 2339 non
573 2273 634 2339 nisi
658 2270 868 2337 intolerabiles
890 2269 1011 2338 dolores
1034 2274 1142 2339 mortis
1166 2273 1226 2337 sibi

291 2387 476 2459 inferendae
506 2411 644 2456 caussam
671 2410 736 2453 esse
756 2389 912 2471 statuisse,
937 2413 1037 2480 eoque
1061 2412 1136 2454 eum
1158 2389 1227 2455 for-

294 2508 380 2574 tassis
417 2505 607 2593 arrogantiae
638 2506 821 2595 processisse
851 2521 889 2569 ut
922 2504 977 2571 soli
1001 2506 1123 2595 Cynico
1146 2505 1230 2572 hanc

295 2623 441 2691 dolorum
475 2621 659 2714 patientiam
695 2622 892 2689 concesserit.
950 2621 1230 2712 Quemadmodum

294 2739 336 2806 de
374 2742 443 2827 ejus
484 2736 630 2805 doctrina
668 2762 783 2830 parum
820 2754 964 2822 constat,
999 2741 1042 2804 ita
1080 2744 1232 2805 maximus

297 2856 454 2923 dissensus
478 2871 545 2920 erat
570 2855 654 2919 inter
679 2869 796 2921 veteres
819 2851 860 2919 de
882 2856 950 2941 ejus
973 2856 1081 2922 mortis
1107 2879 1230 2941 genere.
1288 2892 1291 2897 ·
1351 2848 1352 2855 ἵ

298 2970 400 3064 lpsius
423 2971 609 3054 necessarii,
643 2985 679 3035 ut
708 2970 743 3034 in
764 2971 1011 3036 successionibus
1040 2971 1121 3037 dixit
1150 2973 1232 3038 An·

302 3089 522 3171 tisthenes,
558 3087 715 3179 putabant
753 3110 826 3151 eum
856 3089 1005 3179 spiritum
1040 3086 1235 3157 continendo

300 3207 437 3271 animam
467 3200 644 3286 exhalasse,
682 3228 779 3293 quam
805 3205 992 3272 sententiam
1017 3223 1140 3273 secutus
1160 3207 1235 3270 item

303 3338 350 3388 est
392 3319 582 3387 Cercldas
622 3318 901 3411 Megalopolitanus
936 3321 984 3391 rel
1017 3320 1173 3390 Cretensis
1203 3323 1236 3387 in

304 3438 509 3520 Meliambis,
532 3435 582 3501 his
608 3432 740 3526 quidem
761 3439 925 3505 versibus:

385 3589 425 3644 Οὐ
445 3586 498 3663 μὰν
518 3585 532 3642 ὃ
552 3587 635 3661 πάρος
652 3579 679 3658 γ’
698 3582 730 3641 i'ot
750 3586 874 3651 Σινωπεὺς
893 3594 969 3651 τῆνος

382 3689 413 3751 ‘0
433 3693 632 3771 βακτροφόρας,
654 3692 861 3767 διπλοείματος,
883 3696 1086 3772 αἰθεριβόσκας,

341 3927 370 3993 (¹)
389 3931 421 3982 o.
448 3928 478 3980 u.
506 3932 549 3989 Ν,
568 3926 587 3995 s
605 3926 632 3983 s.
668 3926 697 3994 ρ)
716 3924 848 3983 salian.
867 3932 898 3983 v.
918 3934 951 3986 a.
970 3934 1002 3996 a,
1021 3933 1064 3985 11.
1102 3930 1130 3998 ο)
1148 3930 1190 3985 ct.
1207 3932 1238 3983 o.

309 4028 339 4080 t.
358 4028 401 4086 οι,
420 4024 439 4092 s
457 4025 491 4076 os
508 4022 567 4079 ints.
