2756 4830
635 433 699 499 aas
746 397 748 401 ’

192 612 214 678 ii
242 613 387 706 prosectu
415 613 623 704 inciderunt,
658 616 739 706 qui,
764 638 864 706 quum
899 615 976 681 vitae
1005 611 1124 695 taedio,

191 747 326 820 propter
345 729 466 799 dolores
486 733 627 824 vitaeque
640 733 842 816 calamitates,
855 722 989 825 propter
999 729 1122 797 sutilem

190 849 269 917 adeo
302 875 439 919 caussam
472 868 605 919 mortem
636 853 696 918 sibi
736 850 893 939 irrogandi
924 851 1122 942 propositum

189 965 368 1049 foverent,
392 992 497 1059 quum
518 966 681 1035 affectibus
708 983 911 1054 regerentur,
935 965 1121 1057 cupiditati-

189 1083 249 1148 bus
273 1084 483 1166 inservirent,
514 1107 548 1150 se
568 1083 690 1151 Stoicae
713 1082 931 1176 philosophiae
953 1098 1119 1176 praecepta

187 1178 278 1289 aequi
297 1199 397 1292 palam
420 1198 660 1291 profiterentur.
702 1197 874 1267 Vindioaut
892 1199 952 1267 sihi
970 1198 1050 1266 leves
1070 1200 1121 1264 isti

190 1314 331 1382 homines
373 1314 607 1408 philosophiam
648 1340 729 1406 quae
771 1313 826 1382 soli
859 1316 1016 1406 sapienti,
1052 1315 1121 1383 viro

189 1432 337 1498 omnibus
370 1432 464 1498 animi
497 1432 787 1524 perturbationibus
821 1431 982 1514 immuni,
1020 1427 1120 1519 qualis

188 1545 298 1634 vulgus
317 1571 359 1614 ne
380 1548 513 1637 rogitare
536 1544 668 1638 quidem
684 1562 809 1640 potest,
831 1563 910 1614 esset
933 1571 1118 1616 accommo-

188 1662 271 1730 data.
316 1665 445 1749 Gravia,
468 1665 531 1732 imo
554 1663 745 1751 gravissima,
768 1686 871 1731 oaussa
899 1664 1119 1754 requirebatur

188 1795 226 1844 ut
248 1779 372 1871 sapiens
400 1779 460 1847 sibi
483 1797 618 1846 mortem
648 1779 875 1864 conscisceret,
909 1805 1008 1871 eaque
1030 1779 1118 1864 talis,

190 1893 291 1986 qualis
324 1896 358 1961 in
400 1894 558 1983 vulgarem
598 1893 761 1965 hominem
796 1894 907 1964 eadere
940 1921 1120 1987 numquam

187 2026 320 2103 poterat.
366 2011 518 2097 Dolores,
555 2013 679 2095 morbi,
712 2014 790 2079 vitae
818 2037 1006 2095 aerumnae,
1037 2037 1119 2103 quae

188 2128 277 2194 toties
306 2128 416 2195 mortis
442 2126 642 2222 oppetendae
676 2151 797 2196 massae
827 2151 893 2195 esse
920 2127 1042 2214 solent,
1063 2153 1118 2194 sa·

187 2243 292 2332 pienti
328 2267 431 2334 aequo
468 2245 574 2312 auimo
606 2261 696 2312 eraut
729 2242 945 2336 perferendae.
998 2245 1119 2314 Verum

188 2373 283 2451 atque
311 2357 490 2449 perfectum
514 2362 775 2443 consectabatur,
796 2360 954 2448 gravitatis
977 2378 1010 2428 et
1023 2352 1116 2429 'oon-
1163 2374 1168 2385 ‘

187 2475 317 2542 stantiae
348 2476 483 2544 rationes
517 2478 665 2544 tuebatur
692 2475 890 2569 philosophia
916 2475 1045 2561 Stoica,
1081 2479 1118 2544 in

187 2593 276 2680 eujus
299 2607 405 2657 menta
430 2592 475 2659 vis
498 2608 594 2683 atque
615 2593 741 2658 flamma
769 2592 930 2683 spirabat,
961 2591 1061 2682 qualis
1081 2594 1117 2661 iu

187 2708 297 2777 ueteris
329 2710 418 2776 sectis
447 2708 541 2794 vulgo
564 2706 809 2776 desiderabatur.
856 2705 1117 2776 Commendanda

186 2825 281 2912 igitur
312 2822 447 2894 mascula
469 2824 548 2893 haeo
575 2822 773 2916 philosophia
794 2823 830 2890 iis
848 2826 1032 2917 praesertim
1058 2825 1117 2919 qui

187 2942 329 3032 eorporis
353 2941 403 3010 vel
428 2943 525 3008 animi
546 2937 795 3028 aegritudinibus
816 2955 871 3007 aut
890 2937 1033 3006 fortunae
1054 2965 1113 3007 ea-

184 3057 371 3126 lamitatibus
409 3058 508 3148 pressi
538 3073 716 3144 angantur,
752 3079 818 3124 non
860 3071 896 3121 ut
931 3052 1050 3122 dolores
1081 3073 1114 3123 et

183 3173 303 3241 labores
323 3188 424 3241 morte
446 3173 618 3261 effugiant,
648 3170 704 3239 sed
732 3186 769 3239 ut
789 3171 823 3238 in
851 3172 919 3258 ejus
938 3173 1114 3264 praeceptis

183 3287 326 3358 solatium
356 3289 516 3381 animique
542 3285 764 3357 fortitudinem
786 3284 828 3355 ad
851 3288 930 3358 ritae
949 3310 1112 3356 aerumnas

182 3381 383 3500 perferendas
402 3405 572 3477 inveniant.
