2712 4842
589 428 620 499 .’
692 428 758 504 att

261 633 313 685 ost
333 632 467 687 mosten
489 616 681 690 condiscere.
721 582 967 710 saponem
986 617 1118 686 {cremo
1127 636 1194 708 ps-

266 752 312 803 ιιι
342 734 378 801 id
401 733 556 821 disseio,
575 756 642 829 qno
668 737 763 805 semol
796 735 954 803 ntandom
988 739 1067 803 cat?
1127 737 1194 803 iios

245 868 312 919 est
345 854 474 943 ipsum,
514 878 612 946 quom
646 854 792 922 meditari
821 846 1002 921 debeamus.
1058 852 1191 943 Semper

266 968 455 1040 discendum
483 987 549 1054 est,
583 970 672 1062 quod
703 994 745 1038 an
777 972 932 1051 aciamus,
967 969 1102 1058 expositi
1129 937 1195 1035 noia

265 1105 450 1177 possumust
476 1080 626 1154 medicam
646 1102 789 1155 mortem.
834 1087 902 1177 Qoi
920 1085 982 1153 hoc
1001 1084 1101 1167 dicit,
1121 1108 1196 1151 me·

263 1201 362 1269 ditari
394 1201 569 1270 libertatem
592 1204 710 1291 jobet3
747 1205 805 1293 qui
827 1205 907 1269 moti
925 1199 1060 1282 didicit,
1081 1203 1198 1270 servite

266 1316 438 1388 dedidicit:
461 1336 559 1412 supra
576 1342 705 1387 omnem
724 1320 902 1409 potentiam
920 1334 987 1402 est,
1010 1334 1095 1387 coste
1109 1335 1197 1385 exoa

266 1437 418 1506 omnem”
441 1436 550 1524 (Ἴω-
573 1438 720 1520 „Omnis
743 1433 832 1519 dies,
855 1436 958 1517 omnis
980 1435 1199 1527 honestvm

266 1552 349 1620 nihil
378 1553 473 1620 simus
505 1551 660 1635 ostendit,
694 1570 727 1619 et
744 1551 852 1645 aliquo
870 1566 1056 1640 argumento
1072 1553 1198 1619 teoenti

266 1668 416 1737 admonet
450 1668 620 1757 fmgilitatis
655 1669 790 1753 oblitos,
812 1688 916 1762 quum
940 1684 1066 1736 aeterna
1087 1667 1197 1736 modi·

266 1800 366 1853 tontes
384 1788 538 1876 respicere
562 1788 645 1873 cogit
666 1784 707 1852 ed
730 1788 887 1853 mortem''
910 1784 965 1875 (¹).
1008 1782 1198 1853 Secundam

267 1902 388 1972 Stoicos
408 1904 503 1989 igitur
524 1903 645 1993 sapiens
662 1910 793 1969 ‘tantum
816 1904 893 1969 vivit
911 1919 947 1969 ut
972 1904 1053 1968 mori
1075 1900 1198 1985 discat,

267 2035 300 2086 et
327 2017 448 2087 tamdiu
484 2019 589 2088 vivere
624 2016 743 2102 debet,
779 2016 882 2085 donce
918 2019 999 2086 mori
1022 2015 1197 2100 didicerit,

266 2136 438 2227 omniaque
455 2136 500 2203 sie
520 2135 621 2203 facere
640 2133 755 2215 debet,
778 2151 814 2200 at
832 2136 937 2201 statim
955 2158 973 2201 c
992 2136 1054 2202 vita
1076 2133 1196 2202 disces-

266 2272 357 2320 smus
377 2251 444 2342 (⁸);
475 2268 546 2317 tum
564 2274 719 2340 corpore,
744 2267 813 2317 tum
837 2254 942 2319 animo
963 2279 980 2317 c
1003 2270 1103 2319 morte
1123 2272 1200 2320 eom

265 2372 308 2436 ita
339 2366 541 2458 deprehendi
569 2383 716 2457 oportet,
738 2366 817 2435 dum
838 2368 935 2459 ipsius
958 2371 1037 2435 vitae
1053 2369 1197 2436 bmvita-

266 2502 354 2568 tem,
389 2485 539 2576 temporie
569 2485 731 2575 praeteriti
762 2498 857 2574 atque
888 2486 989 2551 futuri
1012 2487 1199 2552 immensam

267 2602 457 2685 satiatem,
489 2602 633 2668 materiae
652 2599 793 2691 denique
818 2606 972 2694 cujusque
993 2603 1197 2678 imbecillita-

268 2735 334 2785 tem
352 2716 498 2810 respiciet
512 2712 565 2807 (⁴).
588 2719 661 2784 Huc
685 2733 804 2808 spectat
825 2719 1033 2785 Musonius
1056 2722 1090 2785 in
1109 2718 1199 2806 frag-

266 2862 376 2914 mento
409 2843 549 2937 quodam
580 2843 667 2937 apud
698 2845 912 2913 Stobaeum
935 2844 1000 2936 (⁶):
1041 2843 1108 2910 Ota
1140 2848 1198 2920 ’ἔςι

266 2974 318 3044 τὴν
344 2970 513 3048 ἕνεςηκυῖαν
535 2956 645 3062 ἡμέρᾶιν
670 2970 766 3046 καλῶς
792 2968 925 3059 βιῶναι,
956 2973 997 3061 μὴ
1024 2970 1197 3061 προθέμενον

267 3099 356 3171 αὐτὴν
381 3098 419 3173 ὡς
449 3097 579 3185 ἐσχάτην
606 3095 727 3182 βιῶσαι.
798 3098 940 3168 Stoicum
982 3124 1111 3190 prorsus
1151 3117 1200 3167 est

266 3216 534 3282 Horatianum
552 3211 629 3280 illud
657 3213 719 3303 (⁸):

273 3374 404 3390 -m

302 3420 330 3488 (¹)
348 3426 397 3491 Ep.
414 3422 460 3477 26.
476 3423 517 3477 Gi.
535 3426 583 3492 Ep.
602 3426 634 3475 01
654 3422 752 3478 influa.
791 3425 818 3492 Ρ)
831 3430 878 3493 Ep.
891 3429 952 3480 101.
989 3426 1017 3492 (³)
1030 3431 1067 3480 tt.
1079 3430 1151 3481 Ant.
1163 3431 1197 3491 tt,

266 3521 286 3587 δ
304 3522 347 3585 11,
366 3520 408 3573 12.
446 3516 474 3586 (⁸)
492 3523 547 3583 ΧΠ,
565 3521 584 3587 5
600 3522 632 3573 7:
652 3536 704 3587 quo
721 3521 778 3574 loco
796 3538 892 3576 sensus
909 3530 950 3575 est
967 3521 1125 3591 impeditus,
1144 3522 1198 3576 nisi

265 3631 326 3694 post
351 3637 440 3679 vocem
463 3619 536 3702 ψυχῇ
567 3626 675 3695 signum
692 3628 871 3698 interrogandi
888 3640 1002 3701 ponatur
1019 3640 1044 3685 et
1061 3607 1199 3687 scitatu-

265 3731 391 3806 podpaaoo
411 3734 573 3804 suppleatur.
611 3736 638 3804 (¹⁵)
657 3739 727 3793 Flor.
746 3739 798 3793 Tit.
817 3743 843 3803 1,
862 3742 896 3792 83
914 3741 955 3793 cd.
972 3740 1079 3794 Gaisf.
1098 3739 1200 3792 simili-

266 3838 307 3884 ter
325 3832 464 3896 Seneca,
483 3835 531 3901 Ep.
549 3834 601 3887 ot:
623 3835 672 3899 „td
690 3851 749 3903 ogo,
768 3842 798 3887 ut
815 3834 879 3887 mihi
892 3835 976 3907 instap
989 3836 1070 3890 totius
1082 3835 1149 3890 vitae
1161 3836 1199 3888 sit

267 3927 334 3982 dies.
366 3932 420 3981 Neo
436 3927 597 3983 mehercules
614 3938 740 3998 tanquam
758 3930 882 3985 ultimum
900 3931 987 4001 rapio,
1007 3934 1054 3985 sed
1072 3932 1111 3985 sic
1121 3932 1198 3984 illum

264 4023 381 4095 adspicio
397 4033 523 4094 tanquam
540 4040 598 4081 esst
615 4029 657 4082 tel
673 4028 784 4095 ultimus
794 4029 903 4099 possit’'.
924 4029 952 4096 (θ)
964 4034 1030 4099 Epp.
1041 4035 1061 4096 1,
1072 4031 1098 4094 i,
1112 4030 1144 4082 13
1154 4044 1197 4096 sq.
