2712 4842
595 459 661 527 285
695 516 698 520 .

207 645 281 711 Non
311 667 348 711 eo
370 642 497 712 consilio
518 643 602 712 hanc
622 642 871 742 disquisitionem
890 647 1032 729 institui,
1055 656 1091 713 nt

164 761 355 828 Catonem
377 775 528 850 tanquam
548 784 707 826 summum
730 762 853 844 virum,
877 765 1091 854 quiunquam

163 877 280 943 Romae
302 877 441 959 vixisset,
465 899 693 967 proponerem,
711 878 807 968 ipsius
829 888 963 946 mortem
972 879 1090 947 volun-

164 993 272 1058 teriam
296 1016 334 1057 ex
357 994 469 1059 nostris
490 993 656 1084 principiis
679 995 765 1060 omni
791 996 966 1087 opprobrio
987 995 1092 1063 solve-

161 1132 251 1193 κως
276 1106 330 1174 sed
349 1109 443 1175 unice
462 1125 498 1175 ut
517 1107 714 1176 ostenderem
739 1108 921 1178 Catonem
943 1112 1094 1179 eStoicae

162 1223 324 1293 doctrinae
342 1227 508 1318 principiis
531 1224 617 1291 aliter
641 1249 729 1312 agere
748 1250 815 1293 non
836 1228 985 1315 potuisse,
1000 1251 1093 1294 vere·

162 1365 226 1431 que
247 1339 474 1408 Ciceronem
492 1340 533 1430 (¹)
564 1338 605 1406 de
627 1366 665 1408 eo
685 1339 763 1408 illud
783 1341 942 1431 judicium
970 1343 1091 1410 tulisse:

161 1458 303 1540 Ceteris,
336 1458 394 1548 qui
416 1480 449 1524 se
471 1460 506 1522 in
528 1457 664 1524 Africa
687 1457 846 1525 Caesari
869 1457 1092 1543 tradidissent,

160 1574 291 1642 forsitan
323 1575 398 1640 vitio
425 1572 537 1639 datum
573 1574 687 1657 luisse,
718 1576 744 1640 si
774 1599 806 1641 se
837 1572 1093 1661 interemissent,
1188 1589 1191 1593 '

161 1706 330 1783 propterea
355 1688 444 1781 quod
468 1689 567 1759 lenior
583 1714 691 1758 eornm
713 1693 774 1757 vita
798 1708 830 1757 et
850 1716 950 1765 mores
969 1693 1095 1759 fuerant

160 1807 332 1888 faciliores3
358 1807 496 1874 Catoni
517 1830 612 1889 vero,
636 1831 738 1896 quum
761 1805 981 1874 incredibilem
1000 1825 1093 1874 natu-

162 1950 196 1990 ra
237 1925 396 1991 tribuisset
441 1925 644 2009 gravitatem,
679 1946 810 2012 eamque
841 1924 909 2014 ipse
941 1941 1095 2014 perpetua

165 2039 337 2108 constantia
357 2039 560 2106 roboravisset
581 2062 770 2128 semperque
792 2041 826 2105 in
846 2042 1008 2129 proposito
1019 2065 1092 2106 sus-

163 2174 320 2249 ceptoque
340 2154 467 2222 consilio
488 2157 726 2246 permansisset,
763 2155 964 2223 moriendum
989 2159 1092 2246 potius

163 2299 259 2364 quam
295 2274 420 2364 tyranni
450 2270 573 2339 vultum
604 2268 844 2362 adspiciendum
875 2270 977 2338 fuisse.
1022 2272 1093 2338 Ca-

162 2392 272 2459 tonis
307 2406 440 2479 mprtem
473 2387 679 2455 voluntariam
714 2390 753 2454 ab
778 2388 874 2476 ipsius
896 2386 1039 2456 doctrina
1060 2405 1093 2456 et

162 2506 290 2589 indole,
313 2505 488 2572 amoribus
509 2506 743 2584 Romanorum,
767 2505 884 2594 quibus
907 2506 979 2586 vita,
1000 2504 1091 2589 salus,

161 2625 268 2690 omnia
296 2646 357 2714 pro
391 2621 490 2713 patria
517 2636 549 2685 et
571 2619 713 2684 libertate
735 2619 896 2685 debebant
912 2644 975 2685 esse
997 2619 1089 2704 vilia,

160 2744 345 2829 sejungere,
367 2760 468 2829 aeque
488 2735 661 2802 absurdum
685 2751 731 2802 est
752 2760 789 2803 ao
808 2735 832 2800 si
855 2737 926 2825 quis
946 2738 1089 2823 cogitati-

161 2880 221 2925 one
262 2855 422 2921 Catonis
459 2870 592 2920 mortem
621 2850 661 2916 ad
694 2868 799 2918 nostra
821 2869 961 2940 tempora
983 2869 1088 2919 trans-

160 2973 279 3055 ferret3
306 2971 451 3060 quocirca
474 2971 541 3056 ejus
563 2966 726 3050 indolem,
751 2965 968 3058 philosophiae
991 2992 1089 3060 prae-

161 3106 272 3182 cepta,
307 3089 423 3178 quibus
446 3087 586 3152 imbutus
604 3085 807 3189 suit,severe
826 3099 955 3165 tenens,
976 3082 1089 3150 ardens

158 3205 308 3272 libertatis
333 3201 474 3269 studium
491 3225 567 3290 prae
589 3200 698 3267 ceteris
733 3201 801 3286 ejus
836 3196 962 3266 dotibus
982 3201 1089 3270 extuli.

159 3319 296 3390 Videtur
317 3320 402 3386 enim
423 3318 539 3384 mibie
561 3315 723 3406 colloquiis
756 3321 835 3406 quae
855 3332 928 3381 ante
953 3336 1089 3386 mortem

158 3437 375 3519 conaminis,
399 3459 474 3502 cum
493 3432 560 3500 filio
578 3432 716 3516 babuit,
735 3456 891 3524 apparere
908 3456 980 3498 eum
991 3435 1088 3501 nobili
1109 3432 1114 3441 ’

159 3555 337 3623 Stoicorum
364 3549 542 3643 paradoxo,
572 3547 704 3633 „solum
724 3548 898 3636 sapientem
917 3572 980 3614 esse
999 3548 1085 3616 libe·

158 3695 243 3754 rum,
260 3690 371 3735 omnes
391 3666 501 3734 stultos
522 3664 661 3750 servos'’,
684 3687 724 3729 ex
748 3689 813 3753 quo
825 3680 857 3730 et
869 3663 947 3730 illud
959 3666 1089 3754 pendet,

153 3855 279 3872 *-

190 3932 219 3999 (1)
237 3938 274 3986 Dc
291 3935 342 3990 off.
359 3940 381 3998 Ι,
399 3937 443 3988 31.
461 3933 501 3986 Cf.
519 3935 642 3994 Garvc,
660 3933 740 3981 Anm.
757 3943 818 3979 zum
836 3937 922 3982 ersten
939 3931 1026 3985 Bucbc
1038 3945 1088 3986 von

157 4026 222 4083 Cio.
241 4029 273 4083 de
291 4030 361 4094 Off„
381 4034 408 4083 S.
427 4030 478 4083 160
495 4027 582 4094 solg„
601 4028 637 4079 52⁰
654 4028 757 4093 Ansg„
776 4025 853 4078 teuc.
