2712 4842
615 431 680 502 275

161 629 201 677 ex
226 610 349 698 integro
369 613 488 702 relegit.
524 617 602 684 Mox
620 618 683 685 ulto
703 641 815 686 somno
838 618 956 708 sopitus
977 631 1041 696 est,
1064 629 1101 680 ut

137 725 221 816 ¹qui
250 726 328 797 soris
355 748 448 807 eraut
467 731 612 800 audirent
645 751 836 801 stertentem.
884 735 976 799 Circa
999 733 1100 804 noctis

161 844 369 915 conticinium
389 845 540 915 libertum
561 873 661 928 suum,
687 848 916 918 Cleanthem
928 845 1098 926 medicum,

159 958 349 1051 appellavit,
382 979 414 1028 et
443 963 596 1049 Butam,
638 989 704 1056 quo
734 989 810 1054 prae
841 966 951 1032 ceteris
981 964 1017 1027 iu
1050 961 1096 1027 rei
1162 984 1166 987 ¹

159 1075 307 1163 publicae
338 1081 468 1166 negotiis
499 1083 666 1163 utebatur;
701 1081 791 1149 hunc
823 1081 871 1146 bis
903 1078 943 1146 ad
967 1093 1097 1169 portum

158 1193 265 1283 misit,
289 1195 389 1262 visum
412 1221 452 1271 an
473 1221 580 1263 omnes
604 1222 731 1265 ancoras
753 1196 923 1264 solvissent.
969 1193 1097 1261 Medico

159 1325 266 1377 autem
286 1335 436 1396 menum,
470 1337 508 1379 ex
536 1316 604 1380 ictu
632 1338 728 1405 quem
748 1336 839 1380 servo
859 1311 1021 1376 inflixerat
1039 1311 1096 1375 in-

157 1423 368 1509 flammatam,
392 1429 540 1520 praebuit
559 1428 781 1515 obligandam
809 1426 896 1494 uude
918 1450 1097 1494 omnesex·

157 1538 280 1605 hilarati
315 1566 387 1608 eum
420 1569 436 1608 a
469 1545 632 1635 proposito
662 1543 815 1610 destitisse
842 1544 1097 1635 suspicabantur·

158 1656 295 1725 Reverso
312 1649 427 1725 iterum
446 1663 561 1744 Buta,
584 1660 747 1748 altumque
769 1660 926 1726 silentium
945 1661 980 1725 in
1000 1674 1098 1746 portu

158 1776 384 1854 renuntiante,
405 1777 499 1862 jussit
514 1779 647 1863 januam
673 1774 818 1842 claudere
838 1775 1044 1866 reposuitque
1063 1797 1096 1840 se

158 1891 193 1954 in
224 1889 398 1974 lectulum,
434 1895 520 1981 quasi
547 1891 701 1983 reliquam
725 1892 826 1959 noctis
850 1907 973 1982 partem
1001 1890 1098 1979 quie·

159 2022 259 2071 turus.
313 2007 456 2094 Digresso
495 2011 611 2091 Buta,
638 2008 788 2099 {strictum
812 2005 952 2092 gladium
974 2006 1097 2096 pectori

159 2123 340 2214 impressit3
377 2146 479 2214 quum
512 2148 586 2190 vero
614 2122 729 2190 leviore
764 2146 802 2188 ex
833 2123 900 2188 ictu
921 2145 988 2187 non
1013 2147 1095 2190 con-

159 2240 250 2306 tinuo
267 2240 478 2324 exanimatve,
501 2239 639 2305 animam
657 2263 748 2326 agens
771 2263 788 2303 e
806 2221 902 2304 cubili
925 2261 998 2304 cum
1010 2253 1095 2302 stre·

158 2356 230 2445 pitu
262 2353 448 2438 decideret,
492 2349 651 2438 ministri,
700 2356 758 2444 qui
789 2353 829 2420 ad
859 2355 940 2421 sores
971 2370 1096 2446 praesto

158 2487 249 2538 erant
260 2520 272 2555 ‚
297 2471 464 2538 clamorem
483 2470 676 2536 sustulerunt
698 2470 847 2562 filiusque
869 2487 901 2536 et
915 2472 1008 2538 amici
1021 2495 1095 2537 con-

159 2588 265 2654 festim
286 2590 353 2676 ejus
376 2586 557 2655 cubiculum
576 2588 704 2673 ingressi
724 2603 808 2653 sunt.
853 2585 996 2653 Medicus
1005 2588 1098 2654 etiam

158 2729 348 2789 accurrens,
371 2705 542 2786 intestina,
567 2726 647 2795 quae
666 2702 975 2786 manserantillaesa,
998 2727 1097 2795 repo-

123 2907 130 2915 ,
159 2821 223 2886 suit
259 2823 430 2912 ipsumque
462 2820 575 2888 vulnus
609 2822 742 2887 consuit.
801 2821 846 2886 Ut
872 2843 946 2886 vero
965 2821 1112 2887 recreari'

159 2936 264 3027 coepit
283 2939 379 3005 Cato
402 2954 434 3004 et
458 2935 497 3003 ad
520 2959 552 3002 se
569 2933 686 3017 redire,
711 2934 828 3027 repulit
841 2933 1017 3019 medicum,
1040 2936 1101 3000 in-‘

159 3053 272 3119 testina
307 3055 453 3121 manibus
475 3052 646 3136 laceravit,
684 3050 870 3142 divulsoque
889 3050 1017 3118 vulnere
1036 3075 1097 3119 ex-

159 3169 289 3260 spiravit
312 3168 364 3260 ().
502 3168 506 3175 “

195 3442 224 3511 (¹)
243 3445 329 3498 Plut.
348 3443 376 3496 iu
394 3443 457 3510 vita,
476 3461 503 3514 p.
521 3448 654 3500 79211-
673 3447 725 3500 791
745 3447 778 3511 Α,
800 3450 827 3497 et
848 3442 1042 3512 Appianus,
1064 3445 1096 3497 du

159 3543 189 3593 B.
209 3541 237 3594 C.
255 3545 288 3606 Π,
307 3542 351 3605 98,
370 3542 413 3604 99,
433 3541 510 3608 eujus
528 3542 642 3596 narratio
661 3542 747 3610 quoad
766 3539 1013 3593 summamroicum
1023 3541 1100 3593 Plu-.

157 3637 298 3689 tarchen
324 3635 464 3691 consentit.
495 3637 543 3691 Cff.
573 3639 659 3692 Plut.
679 3638 713 3690 ad
729 3637 813 3706 princ.
833 3636 930 3690 indott.
949 3653 977 3704 p.
994 3639 1045 3690 781
1063 3643 1096 3704 D,

159 3736 232 3786 Son.
250 3730 322 3787 Phil:
336 3737 403 3801 Epp.
421 3734 465 3798 91,
484 3736 528 3798 to,
547 3737 591 3799 98,
610 3738 680 3787 sen.
699 3738 755 3787 Pat.
775 3737 850 3787 Suus.
869 3737 911 3796 vt,
927 3733 1013 3788 Flor.
1026 3733 1096 3802 Epit-

159 3832 194 3884 R.
224 3833 256 3883 tt.
287 3834 330 3895 tv,
350 3831 376 3894 2,
396 3827 481 3883 Hirt.
500 3831 532 3883 de
550 3830 616 3885 Bell.
634 3828 715 3883 Afric.
731 3870 738 3893 ,
757 3845 781 3884 c.
799 3831 842 3893 88,
861 3827 928 3882 Liv.
947 3827 1016 3896 Epit.
1036 3831 1096 3894 111,

160 3928 255 3977 Oros.
275 3925 343 4003 Hist.
363 3930 405 3990 vt,
434 3928 477 3990 19,
498 3925 557 3979 Dio
576 3929 664 3979 Cass.
684 3929 813 3991 XLHI,'c.
833 3927 867 3977 19
884 3940 944 3992 sq.,
963 3926 1046 3980 Gell.
1065 3931 1097 3981 N.

161 4023 193 4073 u.
221 4025 286 4083 xm,
316 4023 358 4087 19,
387 4023 468 4088 aug.
494 4023 527 4075 ue
557 4021 611 4078 civ.
640 4021 686 4075 uei
712 4026 733 4086 1,
761 4022 805 4087 re,
835 4021 879 4084 rt,
907 4024 972 4084 iux,
999 4022 1026 4087 a,
1054 4021 1100 4091 qui

921 4116 987 4183 18*
