2712 4842
633 423 699 489 287
737 470 740 475 ι

195 619 226 668 ct
256 602 514 694 Apollonium
544 605 630 699 apud
652 632 684 675 se
704 607 868 674 retinuerit
890 628 1005 694 eosque
1027 604 1126 671 lenius

196 719 405 811 compellans,
443 724 649 811 quaesiverit,
684 749 763 790 num
801 738 983 810 argumenta
1016 721 1125 787 afferre

194 854 322 931 possent
347 862 427 927 quae
464 841 570 928 ipsum
605 868 623 906 a
652 842 814 932 proposito
835 863 891 907 suo
912 835 1126 923 abducerent,

196 952 352 1044 quodque
374 978 440 1020 non
462 957 524 1021 nisi
544 956 638 1022 semel
658 959 838 1047 iterumque
849 954 975 1022 evoluto
992 953 1124 1020 Plato-

195 1072 256 1135 nis
279 1068 506 1155 Phaedone,
530 1075 621 1160 cujus
646 1089 751 1138 tamen
772 1087 954 1158 argumenta
965 1072 1031 1158 ejus
1044 1094 1125 1136 cou-

194 1186 297 1252 silium
321 1204 441 1252 mutare
463 1212 529 1255 nou
549 1190 685 1279 potuisse
703 1187 966 1270 eventusdocuit,
988 1185 1126 1273 gladium

195 1303 319 1391 pectori
348 1301 500 1372 infixerit.
538 1307 635 1371 Cato
656 1305 751 1392 igitur
773 1306 807 1369 iu
831 1303 929 1370 nobili
948 1302 999 1369 illo
1024 1319 1127 1369 certa-

195 1422 281 1486 mine
310 1419 462 1486 libertatis
497 1445 570 1488 eum
605 1418 793 1509 tyrannide,
826 1418 955 1485 ultimus
976 1417 1127 1484 libertatis

195 1536 335 1619 vindex,
368 1561 434 1603 non
466 1553 590 1602 tantum
609 1562 675 1603 non
697 1537 874 1625 vituperio,
905 1533 961 1600 sed
986 1533 1125 1600 admira-

197 1657 281 1720 tione
311 1652 425 1740 dignus
454 1671 515 1737 est,
550 1652 762 1744 videnturque
796 1654 1003 1732 recentiores,
1027 1677 1128 1741 quum

197 1770 278 1836 illius
300 1770 421 1836 facilius
445 1769 493 1835 vel
517 1793 555 1836 ex
580 1770 641 1834 suis
660 1771 834 1836 rationibus
856 1767 905 1834 vel
929 1792 946 1834 e
970 1766 1127 1835 Christia-

196 1913 255 1953 nae
288 1886 441 1974 religionis
466 1886 631 1978 principiis
648 1884 852 1973 judicarent‚
887 1908 1036 1976 personae
1060 1886 1127 1971 ejus

197 2003 351 2072 maculam
384 2001 591 2091 adspersisse,
624 2026 721 2092 quam
748 2000 875 2067 abluere
899 2000 959 2067 hac
976 1999 1128 2091 disquisi-

199 2125 283 2189 tione
319 2136 446 2187 conetus
472 2143 561 2201 sum3
601 2116 688 2207 quod
708 2118 733 2182 si
753 2116 832 2182 mihi
851 2118 1034 2204 contigerit,
1058 2116 1128 2181 satis

199 2263 349 2325 magnum
376 2237 518 2304 fructum
553 2258 591 2299 ex
612 2235 753 2299 instituta
771 2233 893 2302 Stoicae
915 2230 1132 2323 philosophiae

199 2355 391 2446 expositione
412 2351 588 2445 percepisse
613 2349 693 2416 mihi
715 2346 857 2420 videbor.
