2756 4830
625 460 690 529 stt

179 643 278 708 πενίαν
317 644 335 714 ἢ
372 648 463 734 ἔρωτα
496 653 516 718 ἥ
546 673 572 714 τι
602 651 728 744 λυπηρὸν
756 655 806 720 οὐκ
837 653 995 747 ἀνδρείου,
1027 657 1108 727 attat

179 769 291 856 μάλλον
317 767 424 835 δειλοῦ·
458 772 589 860 μαλακία
609 780 671 869 γάρ
703 779 733 845 τὸ
759 782 870 871 φεύγειν
895 785 933 848 τοὶ
960 784 1107 872 ἐπίπονα,

182 891 231 957 καὶ
265 892 320 980 οὐχ
362 899 403 959 ὅτι
436 896 522 962 καλὸν
556 900 712 990 ὑπομένει,
749 906 829 970 ἀλλὰ
864 909 974 998 φεύγων
1008 913 1107 974 κακόν.

179 1007 236 1072 Vel
257 1011 301 1074 sic
322 1026 425 1077 tamen
448 1037 485 1078 ex
509 1015 625 1102 vulgari
647 1023 850 1112 antiquorum
874 1029 1027 1091 sententia
1041 1026 1105 1114 (¹),

178 1125 236 1189 nisi
279 1129 449 1215 probasse,
483 1154 639 1198 excusasse
673 1134 781 1202 saltem
814 1138 938 1205 videtur
954 1160 1106 1209 mortem

177 1265 310 1325 eorum,
347 1247 427 1333 qui,
460 1248 516 1311 ubi
538 1249 622 1315 nulla
645 1275 713 1340 spes
735 1252 837 1320 salutis
861 1255 982 1335 adesse,
1005 1262 1108 1325 omnis

176 1355 274 1421 libere
305 1358 418 1444 agendi
447 1360 575 1429 facultas
607 1365 751 1457 adempta
784 1369 965 1456 videretur,
995 1402 1108 1442 manus

177 1475 236 1538 sibi
268 1474 468 1558 intulissent,
504 1497 540 1544 ut
573 1505 611 1546 ex
642 1486 708 1570 ejus
738 1487 866 1577 epistola
897 1490 1034 1578 quadam
1065 1492 1105 1558 ad

177 1590 441 1678 Antipatrum
474 1593 534 1683 (ἓ),
568 1599 592 1661 si
618 1614 721 1665 tamen
746 1605 785 1667 ab
809 1606 877 1692 ipso
898 1610 1015 1696 scripta
1041 1627 1107 1691 est,

177 1720 299 1786 efficere
318 1720 413 1789 licet:
438 1722 478 1785 Et
501 1719 536 1787 <ll
565 1725 633 1814 πρὸς
658 1729 776 1804 ἁπάσας
805 1731 917 1818 οἴχεται
944 1735 996 1808 τοὶς
1013 1737 1107 1825 φυγὰς

177 1840 255 1919 οὗτος
286 1842 314 1924 (ὁ
343 1849 435 1937 φυγὰς
462 1848 476 1911 ὁ
505 1849 610 1938 γέφοιν,
638 1848 679 1915 dc
700 1875 731 1915 sc
751 1869 787 1916 ut
806 1853 930 1920 videtur
947 1858 1105 1950 loquens),

177 1978 238 2046 ὣςε
263 1974 304 2060 μὴ
332 1962 486 2061 κατάγειν)
516 1970 606 2044 δῆλον
633 1975 670 2049 ὡς
696 1978 752 2050 τοῖς
775 2004 809 2066 γε
834 1981 872 2055 εἷς
900 1981 973 2068 ᾅδου
997 1988 1107 2053 κατελ-

177 2099 235 2164 θεῖν
261 2096 442 2186 βουλομένοις
456 2148 467 2184 ,
496 2095 588 2173 οὐδεὶς
618 2099 725 2189 φθόνος.
776 2104 1034 2194 Aristoteles,
1050 2116 1107 2203 qui

178 2232 242 2282 tam
266 2217 395 2308 physica
417 2241 514 2304 quam
535 2215 636 2281 ethica
660 2219 780 2284 ratione
799 2218 840 2287 de
864 2242 964 2291 morte
984 2227 1101 2295 volun-

176 2334 251 2398 taria
276 2310 442 2412 disseruit,
476 2333 511 2396 in
543 2331 792 2400 Problematihus
817 2337 858 2426 (³)
887 2340 999 2423 docet,
1034 2340 1114 2411 rue-⁴
1144 2410 1146 2412 v

174 2448 384 2529 lencholiam,
407 2449 482 2512 item
511 2448 733 2532 vinolentiam,
764 2455 883 2541 saepius
912 2462 1020 2525 mortis
1044 2488 1104 2529 vo-

150 2556 325 2631 ‘luntariae
347 2587 464 2631 caussas
487 2588 550 2628 esse
571 2563 738 2651 dicendas3
763 2588 928 2639 eosautem
942 2574 1109 2663 homines,¹

168 2687 294 2702 -v—-v

173 2735 211 2787 mi
237 2743 277 2788 est
306 2736 358 2788 ista
375 2736 514 2799 mollities,
546 2753 598 2788 nun
621 2738 726 2793 virtus,
745 2739 861 2809 inopiam
879 2747 1022 2816 paullisper
1035 2753 1107 2823 serre

173 2848 227 2884 non
245 2848 330 2900 posse.
366 2832 415 2895 Qui
434 2848 462 2883 se
481 2834 548 2884 nltrc
567 2832 644 2884 morti
663 2834 787 2899 offerant,
807 2839 911 2892 facilius
929 2845 1105 2915 reperiuntur,

173 2944 254 2994 quam
283 2927 328 2995 qui
355 2929 471 2981 dolorem
495 2927 624 2994 patienter
641 2930 752 2984 serant''.
783 2935 963 3003 Euripides
982 2940 1008 2992 in
1028 2949 1106 2996 Her·

174 3026 247 3076 culc
265 3030 394 3088 Furente,
413 3041 438 3077 v.
458 3026 526 3076 13t7
543 3041 620 3091 sqq.:

255 3121 419 3202 'Eczelrcipnv
440 3127 492 3195 δέ,
514 3130 604 3202 καίπερ
625 3129 650 3182 ἐν
671 3137 786 3185 κακοῖσιν
807 3131 861 3200 ὧν,

175 3301 178 3307 ,
252 3236 296 3294 Μὴ
318 3234 417 3291 δαλίον
438 3232 505 3309 ὄφλω
524 3230 590 3302 τιν’,
611 3236 721 3290 ἐκλιπὼν
741 3241 814 3310 φάος,

255 3350 320 3406 Ταῖς
339 3350 480 3419 συμφοραῖς
499 3342 550 3418 γὰρ
571 3341 642 3406 ὅστις
662 3342 714 3418 οὐχ
733 3344 878 3419 ὑφίςοιται,

254 3446 317 3505 ott’
341 3449 436 3525 ἀνδρὸς
455 3448 487 3504 ἄν
508 3446 606 3505 δύναιθ’
626 3451 757 3517 ὑποςῆνοιι
776 3454 863 3528 βέλος.

173 3549 363 3615 ΜιιηίοΙίε,
383 3551 472 3618 Epigr.
492 3557 534 3615 xl,
555 3553 608 3604 86:

241 3647 330 3699 Rebus
348 3647 376 3698 in
394 3647 515 3714 augustis
533 3648 609 3700 facile
627 3656 668 3701 est
685 3656 850 3705 contemnere
868 3653 966 3710 vitam:

226 3743 353 3799 ,Fortiter
370 3744 414 3797 ille
429 3745 512 3811 facit,
531 3744 577 3811 qui
595 3744 675 3798 miser
693 3761 750 3799 esse
769 3755 862 3815 potest.

173 3839 214 3906 tls.
244 3843 314 3894 Seu.
337 3846 415 3908 Trag.
438 3840 465 3892 in
494 3841 613 3896 Phceu.
642 3858 667 3894 v.
692 3844 743 3894 190
769 3860 826 3911 sqq.
865 3846 892 3913 (1)
912 3849 950 3904 Cf.
971 3866 1050 3921 supra
1074 3874 1102 3926 p,

173 3948 234 4001 257.
273 3950 300 4016 (²)
320 3951 398 4018 Apud
415 3950 637 4018 Demetrium,
655 3946 715 4021 περὶ
734 3945 824 4023 ἔργον.
844 3957 872 4024 §.
891 3959 950 4016 233.
989 3964 1016 4031 (³)
1037 3971 1105 4024 sect.

173 4047 249 4111 XXX,
269 4062 314 4114 qu.
334 4051 359 4101 1.
