2712 4842
591 431 654 495 259

154 633 221 701 quo
258 611 430 700 sapientem
460 628 644 704 opportuno
682 629 823 704 tempore
853 613 948 679 vitam
982 611 1084 679 relin-

153 750 251 817 quere
280 744 442 818 oporteat,
474 745 506 794 ct
533 753 567 794 ca
598 729 714 818 quibus
746 727 842 796 modo
866 728 1085 795 Plutarchi

122 834 451 930 „argumentationem
499 843 733 929 refutavimus3
791 848 827 911 in
869 847 936 933 ipsa
982 861 1087 913 autem

154 959 380 1030 Alexandri
404 962 629 1045 ,consentione
674 963 747 1029 vitia
781 959 936 1051 quaedam
969 960 1085 1029 latent:

154 1079 318 1170 primum,
349 1077 437 1170 quod
455 1081 475 1145 J
481 1102 591 1147 ovem
613 1077 756 1161 mortali,
778 1076 940 1144 mortalem
952 1078 1088 1144 immor·

75 1274 78 1282 ι
156 1193 208 1260 tali
230 1197 297 1262 Deo
316 1193 425 1262 eadem
448 1196 565 1261 trutina
585 1192 759 1284 eademque
776 1194 1009 1282 comparatione
1024 1191 1087 1258 ad-

150 1311 362 1400 aequaverit,
384 1328 530 1397 mortem,
550 1335 631 1401 quae
652 1334 694 1377 ne
713 1312 748 1375 in
771 1311 866 1379 Jove
886 1308 1019 1400 quidem
1031 1333 1090 1377 co·

156 1428 246 1513 gitari
268 1443 391 1518 potest,
419 1452 490 1494 suae
512 1427 753 1517 comparationis
777 1441 873 1517 caput
894 1449 958 1492 esse
978 1424 1091 1494 volue-

157 1543 224 1623 rit3
250 1539 388 1626 deinde,
412 1543 500 1633 quod
520 1534 695 1636 sapientem
719 1568 877 1612 unacum
899 1544 960 1611 vita
982 1543 1089 1609 virtu-

160 1676 225 1723 tem
254 1658 432 1749 relinquere
462 1662 626 1745 statuerit,
659 1685 761 1751 quum
786 1676 893 1729 contra
910 1657 1092 1728 rationalem

157 1775 244 1842 hanc
275 1799 293 1840 e
325 1778 388 1841 rita
408 1777 639 1867 profectionem
669 1778 804 1866 sapienti
825 1777 946 1843 virtutis
968 1748 1092 1868 praesi-

159 1890 250 1958 dium
272 1891 321 1959 vel
340 1894 608 1960 conservationem
629 1917 693 1959 esse
713 1892 951 1960 ostenderimus.

204 2010 326 2099 „Quae
361 2009 476 2092 mala'',
509 2011 551 2076 ait
585 2011 838 2096 Augustinus
858 2008 924 2098 (¹),
963 2008 1094 2093 „Stoici

157 2125 343 2218 philosophi
364 2127 461 2192 miror
484 2151 547 2217 qua
566 2125 674 2193 fronte
696 2126 774 2193 mala
794 2152 860 2194 non
881 2151 943 2193 esse
955 2144 1093 2195 conten-

156 2243 257 2326 dant,
280 2244 396 2333 qnibus
420 2242 578 2325 fatentur,
600 2244 627 2310 si
647 2260 732 2311 tanta
752 2243 894 2329 fuerint,
930 2261 966 2310 ut
988 2268 1022 2309 ea
1040 2267 1096 2319 sas

158 2361 250 2450 picus
279 2359 328 2427 vel
359 2385 423 2427 non
459 2364 577 2451 possit,
614 2359 661 2427 rel
687 2386 752 2428 non
775 2360 888 2427 debeat
917 2361 1092 2444 sustinere,

157 2478 226 2564 cogi
251 2501 323 2542 eum
345 2493 479 2544 mortem
498 2480 621 2544 sibimet
642 2479 780 2559 inferre,
803 2478 1018 2568 atqueexhac
1031 2479 1096 2544 vita

158 2595 347 2680 emigrare‘';
386 2619 484 2683 qnam
514 2596 622 2689 mortis
654 2596 715 2660 sibi
737 2592 976 2662 consciscendae
999 2618 1093 2660 caus-

153 2734 247 2793 sam,
283 2709 356 2776 licet
393 2711 503 2777 Stoicis
536 2709 789 2801 frequentatam,
812 2711 872 2803 ipsi
893 2708 1031 2797 dogmati
1054 2707 1095 2775 de

78 2854 80 2861 ·
158 2829 254 2893 rebus
287 2826 541 2903 indifferentibus
569 2842 602 2894 et
632 2825 787 2909 malornm
807 2843 969 2894 contemtu
989 2851 1093 2914 repu-

158 2968 256 3032 gnare
277 2946 345 3030 jam
368 2943 513 3010 vidimus.

204 3063 406 3146 „Assernut”
429 3058 566 3149 (Stoici),
589 3075 625 3125 ut
649 3057 814 3126 contendit
836 3055 1092 3147 Buddeus(²),

159 3178 278 3264 vulgari
300 3177 421 3244 homini
440 3202 474 3243 ea
486 3179 634 3242 tribuens
654 3201 735 3267 quae
759 3180 793 3241 iu
811 3173 1097 3265 solum‘sapientem

158 3294 303 3379 cadunt,
338 3295 411 3373 „fas
441 3318 504 3360 esse
535 3294 679 3380 homini,
716 3295 898 3386 praesertim
933 3293 1093 3380 sapienti,

159 3413 307 3480 violentas
329 3414 386 3478 sibi
408 3410 525 3476 inferre
545 3435 655 3477 manus
674 3427 706 3476 et
725 3427 838 3503 sponte
859 3434 876 3474 e
896 3411 958 3477 vita
970 3411 1092 3476 abiret

161 3530 332 3620 Plerosque
369 3527 447 3595 adeo
473 3528 593 3594 Stoicos
612 3551 649 3593 eo
669 3550 770 3614 usque
792 3527 927 3590 insaniae
944 3548 1093 3613 progres-

159 3672 210 3714 sos
232 3670 296 3713 csse
317 3661 447 3731 censet,
471 3661 508 3712 nt
532 3643 580 3714 vel
596 3645 717 3721 morbi,
742 3642 789 3712 vel
817 3641 949 3727 doloris,
972 3641 1019 3709 vel
1034 3667 1093 3708 cn-

160 3834 291 3849 -ι-ο·

199 3906 225 3972 (¹)
245 3912 282 3960 De
311 3904 432 3962 cieret
450 3908 516 3969 xlx,
540 3904 567 3959 l.
605 3903 634 3969 (²)
653 3907 690 3956 Dc
713 3906 768 3955 Ειι.
788 3900 866 3956 Stoic.
885 3904 917 3961 t,
937 3903 955 3965 ς
973 3903 999 3961 tt,
1018 3899 1095 3950 notit.
1156 3886 1158 3896 '

161 4003 231 4056 ttist.
251 4003 316 4057 Phil.
336 4019 363 4071 p.
383 4003 433 4055 192
452 4016 509 4067 sqq.
548 4007 550 4011 '
