2756 4830
605 487 671 558 297

178 679 268 746 linuo
289 680 317 745 ei
336 677 414 745 haec
436 674 532 743 dubia
556 696 678 747 movet:
733 681 802 753 Πῶς
828 684 907 744 τοῦτο
932 678 1048 767 λέγεις,
1074 673 1101 744 ὦ

178 807 353 895 Σώκρατες,
400 801 430 868 τό
470 805 511 891 μή
546 803 656 891 θεμιτὸν
698 803 769 869 εἶναι
796 804 892 870 ἑαυτὸν
913 782 1100 890 βιάζεσθαι,

176 927 280 994 ε’θελειν
304 921 373 993 θ’ἀν
398 932 440 1016 τῷ
466 928 671 1000 ἀποθνήσκοντι
712 930 759 995 τὸν
792 928 941 1020 φιλόσοφον
966 929 1101 1012 ἕπεσθαι,

177 1047 251 1113 Non
285 1045 474 1132 intelligebat
507 1044 623 1114 scilicet
652 1044 814 1138 duplicem
834 1062 1006 1112 mortema
1032 1045 1102 1113 So-

179 1190 291 1241 crate
312 1177 505 1262 siguifioari,
529 1177 655 1245 alteram
682 1175 878 1257 naturalem,
901 1168 1018 1260 φυσικὸν
1042 1168 1105 1232 θά-

180 1321 263 1363 νοιτον
283 1348 294 1384 ,
320 1295 551 1365 dissolutionem
569 1302 664 1366 animi
685 1327 702 1366 a
727 1321 873 1389 corpore,
891 1294 1015 1360 alteram
1026 1293 1104 1383 phi-

177 1419 388 1514 losophicam,
428 1423 624 1513 προαιρετικὸν
652 1425 799 1513 θάνκτον,
830 1427 938 1493 mortis
969 1423 1104 1492 medita-

180 1540 297 1605 tionem
316 1535 364 1605 rel
383 1538 480 1629 ipsius
501 1540 596 1607 animi
618 1539 658 1606 ad
680 1559 812 1608 mortem
827 1544 1106 1633 praeparationem.

140 1736 143 1741 .
180 1656 284 1742 Hujus
309 1652 485 1721 Socratis
508 1680 582 1722 cum
603 1657 753 1727 Cebete
775 1655 992 1749 disputationis
1014 1644 1130 1724 ‹unus-¹

179 1795 244 1837 sam
265 1787 297 1836 et
315 1770 808 1864 rationemOlympiodorus
832 1773 874 1862 (¹)
909 1775 1030 1866 copiose
1063 1775 1106 1840 ita

179 1901 427 1989 iuterpretatur:
465 1896 559 1986 Παρά
601 1894 714 1982 Κέβητι
755 1896 806 1985 μὲν
841 1903 949 1988 ἀπορον
977 1893 1012 1968 ήν
1047 1903 1109 1972 πῶς

180 2025 313 2115 ἀθεμιτόν
338 2023 369 2089 ro*
395 2020 509 2113 ἐξάγειν
535 2022 643 2088 ἑαυτόν.
670 2019 722 2088 θεῖ
742 2021 778 2089 θὲ
803 2024 850 2091 τὸν
874 2025 1023 2116 φιλόσοφον
1042 2025 1109 2091 ε’θέ-

181 2151 240 2218 λειν
267 2150 467 2220 ἀποθνήσκειν.
494 2149 519 2212 εἷ
544 2148 603 2238 γάρ
630 2146 829 2235 συμβάλλεται
855 2149 933 2240 αὐτῷ
950 2151 964 2215 ὃ
980 2151 1111 2238 θάνατος,

181 2276 214 2342 οὐ
252 2276 403 2367 περιμενεῖ
433 2272 549 2359 ἄλλον,
588 2265 654 2337 ἀλλ’
695 2273 776 2348 αὐτὸς
802 2273 898 2341 ἑαυτὸν
923 2275 1108 2365 εὐεργετήσει.

182 2402 264 2492 παρά
290 2398 325 2466 θὲ
351 2402 500 2489 Σωκράτει
525 2397 576 2462 οὐκ
602 2393 637 2468 ἦν
662 2405 742 2464 τοῦτο
767 2405 903 2487 ἀπορον,
930 2399 992 2492 περι1
1019 2401 1109 2467 ἀλλον

181 2528 241 2616 γάρ
266 2523 316 2591 καὶ
346 2523 435 2589 ἀλλον
474 2521 596 2587 θανάτου
621 2522 714 2612 ἔλεγε.
745 2521 888 2615 πρόδηλον
914 2522 949 2590 θὲ
974 2531 1053 2593 τοῦτο
1078 2527 1110 2592 ἐκ

182 2657 239 2717 τῶν
265 2648 421 2740 ἐγκυκλίων
446 2645 628 2736 ἐξηγήσεων,
654 2652 695 2714 ὅτι
725 2649 755 2713 τὸ
781 2648 832 2736 μὲν
858 2649 922 2740 περὶ
949 2657 998 2717 τοῦ
1022 2676 1111 2742 φυσι-

182 2782 233 2842 κοῦ
257 2776 379 2841 θοινάτον
403 2773 517 2862 λέγεται
544 2777 585 2839 ὅτι
612 2773 643 2838 οὐ
669 2771 720 2839 θεῖ
741 2771 854 2863 ἐξάγειν
879 2774 1002 2863 ἑαυτόν,
1028 2777 1059 2843 τό
1075 2775 1111 2844 θὲ

182 2900 247 2993 περιΙ
285 2907 333 2968 τοῦ
359 2905 555 2991 προαιρετικοῦ
580 2897 611 2963 τὸ
636 2897 740 2963 ἐθέλειν
765 2899 964 2970 ἀποθνήσκειν.
982 2929 1025 2939 ·-
1052 2900 1112 2967 Δύο

182 3033 268 3093 ὅντων
307 3024 524 3117 προβλημάτων
559 3029 607 3089 τοῦ
632 3046 661 3088 τε
686 3025 727 3110 μή
753 3020 815 3088 θεῖν
838 3024 879 3114 (²)
902 3022 1014 3115 ἐξαγεῐν
1039 3026 1110 3091 ἑαν-

182 3157 255 3238 τόν,
291 3150 414 3216 καὶτοῦ
453 3149 556 3214 ἐθέλειν
582 3147 798 3234 ἀποθνήσκειν,
840 3150 854 3214 ὁ
880 3149 932 3238 μὲν
957 3152 1112 3241 Σωκράτης

184 3280 335 3366 προτάττει
362 3276 394 3341 τὸ
419 3274 522 3341 ἐθελειν
546 3273 587 3362 (³)
630 3272 819 3344 ἀποθνήσκειν
858 3281 907 3340 τοῦ
932 3278 972 3365 μή
998 3273 1111 3366 ἐξάγειν

183 3403 300 3487 ἑαυτόν,
328 3401 342 3466 ὁ
367 3396 402 3464 ii
428 3397 527 3484 Κέβης
553 3397 584 3463 τὸ
609 3397 757 3465 ἀνάπαλιν
785 3401 816 3465 τὸ
845 3404 886 3489 μή
912 3401 1023 3490 θεριιτόν
1038 3402 1108 3467 εἶναι

184 3528 400 3612 ἀποθνήσκειν,
433 3523 481 3589 καὶ
508 3517 599 3612 (οὗτος
622 3515 688 3609 (ἢ)
713 3524 815 3614 ἐπάγει
846 3527 877 3593 τὸ
902 3525 1005 3591 ἐθέλειν
1030 3528 1111 3593 ἀπο-

220 3792 250 3858 (1)
267 3792 307 3879 l.l.
331 3807 359 3860 p.
383 3792 409 3843 ll.
448 3787 475 3855 (θ)
500 3790 551 3840 MS.
574 3775 626 3833 θεῖ.
670 3782 696 3846 (3)
716 3788 766 3837 MS.
783 3780 873 3837 θέλειν.
917 3787 944 3853 (¹⁶)
969 3792 1118 3867 Quamp0.¹

185 3903 242 3941 oem
263 3887 399 3940 delendam
417 3890 516 3953 putem.
554 3877 677 3946 Saepius,
700 3887 730 3929 ut
747 3881 796 3933 hoo
815 3881 893 3934 etiam
908 3885 982 3950 loco,
1009 3893 1039 3938 ut
1051 3903 1114 3940 sen-

187 3982 229 4036 sui
253 3984 367 4035 furerem
393 3975 563 4046 manuscripti
590 3974 824 4043 interpunctionem
851 3981 1003 4035 mutandam
1032 3982 1113 4052 duxi,

189 4080 259 4146 quod
285 4077 370 4132 obiter
388 4073 523 4132 monuisse
541 4070 660 4127 sufficiet.
706 4048 711 4065 ’
