2798 4836
645 440 673 507 ,3

184 619 347 707 thagora
381 620 561 690 inchoatam
589 624 750 691 Platoct
774 624 1015 692 Aristoteles
1044 625 1113 691 ela-

180 742 396 819 lucraverunt,
419 739 622 830 perfecerunt
638 758 671 805 et
689 740 937 829 amplificarunt.

227 856 424 924 Exstiterunt
445 857 533 922 omni
553 881 627 923 aevo
649 857 820 947 permulti,
843 859 920 949 qui,
947 874 983 923 ut
1001 857 1112 924 Tho-

183 973 345 1055 masius,
380 969 643 1054 Gassendius,
672 972 850 1062 Baylius,
873 971 1062 1038 Buddeus
1083 989 1117 1037 et

182 1085 425 1171 Bruclcrus,
447 1087 586 1155 Stoicam
607 1087 842 1179 philosophiam
868 1090 1116 1177 improbarent,

182 1201 408 1271 contendentes
432 1228 501 1269 eam
522 1202 604 1270 nihil
624 1203 710 1270 aliud
732 1228 797 1271 esse
819 1206 878 1270 nisi
900 1204 1115 1273 collectionem

182 1322 373 1407 argutiarum
405 1319 455 1387 vel
488 1319 653 1387 colluviem
688 1345 883 1387 summarum
916 1322 1116 1409 impietatum

181 1455 279 1527 atque
300 1436 562 1529 improbitatum,
586 1439 689 1525 specie
712 1437 849 1529 quadam
872 1438 993 1529 pictatis
1012 1454 1113 1504 etor-

182 1552 349 1621 thodoxiae
371 1570 544 1636 tectarum,
580 1576 661 1641 quae
683 1553 725 1619 de
744 1555 879 1638 virtute,
912 1550 954 1618 de
975 1553 1116 1642 sapiente

99 1664 106 1677 Χ
185 1672 411 1736 constituerant
446 1666 598 1760 tanquam
626 1672 821 1737 somniorum
842 1670 906 1735 visa
927 1669 1114 1757 rejicientes.

183 1786 259 1854 ldeo
280 1803 383 1853 autem
405 1786 538 1863 marinae
557 1785 663 1851 infesti
687 1784 818 1851 fuerunt
847 1786 968 1853 Stoicae
989 1782 1115 1852 doctri-

183 1928 266 1989 nae,
296 1900 384 1993 quod
419 1903 555 1968 fucatam
589 1900 726 1989 aliquam
764 1880 1002 1969 similitudinem
1033 1901 1118 1966 inter

184 2023 252 2108 ejus
274 2020 440 2113 placitaret
462 2017 657 2087 Christianae
678 2017 834 2106 religionis
857 2034 1026 2109 praecepta
1058 2039 1114 2083 re-

184 2138 289 2231 perire
316 2138 376 2201 sibi
397 2136 453 2202 visi
475 2148 552 2201 sunt
574 2129 627 2222 ().
989 2126 992 2132 ’

230 2254 285 2321 Ab
331 2253 380 2318 his
410 2268 514 2317 autem
548 2250 757 2332 criminibus,
802 2249 921 2341 quibus
952 2248 1118 2316 mammam

183 2371 303 2438 Stoicae
341 2366 501 2436 doctrinae
544 2382 667 2455 partem
704 2363 895 2449 foedarunt,
935 2382 971 2435 ut
1011 2363 1118 2456 quoad

183 2486 254 2552 fieri
288 2484 385 2578 possit
419 2484 593 2549 immunem
627 2505 695 2545 eam
728 2483 962 2572 praebeamus,
1004 2479 1116 2548 ordine

183 2600 388 2691 procedamus
421 2600 663 2686 universamque
695 2621 805 2664 eorum
839 2596 1018 2666 doctrinam
1039 2598 1113 2687 pri-

180 2730 272 2784 'mum
293 2717 465 2783 accuratius
487 2713 721 2779 adumbremus.

232 2838 276 2903 At
311 2856 386 2899 vero
409 2856 474 2898 nou
495 2830 630 2896 alienum
654 2831 763 2920 putavi
787 2828 849 2896 hoc
871 2828 939 2897 loco
959 2823 1119 2898 recensere

179 2952 375 3044 scriptores,
399 2971 478 3039 quos
503 2946 700 3039 potissimum
723 2948 757 3010 in
782 2946 841 3013 hac
854 2947 1117 3013 commentatione

183 3129 320 3142 unat-⁸·-

221 3228 249 3295 l¹)
266 3232 360 3282 Contra
385 3228 434 3279 lros
459 3204 558 3279 Stoicae
576 3223 708 3277 doctrinae
725 3220 912 3291 praestantiam
929 3221 1029 3276 extollit
1045 3226 1117 3278 Vol-

183 3323 287 3387 taire,
314 3328 429 3393 Operum
458 3322 729 3384 lom.xxl1,e.1ll:
759 3317 778 3385 J,
789 3317 815 3373 Si
833 3321 871 3374 les
887 3317 1042 3388 Epicuriens
1060 3336 1118 3374 reu-

182 3421 271 3474 direut
295 3421 323 3473 la
338 3426 430 3473 natura
447 3416 572 3471 humaina
589 3416 718 3481 aimable‚
741 3418 781 3470 les
798 3413 924 3471 Stolciaua
940 3418 966 3470 lu
982 3416 1117 3471 rendiraut

172 3532 296 3586 presque
322 3515 422 3571 divine.
459 3512 631 3582 Resignatiou
654 3516 669 3566 a
692 3512 769 3567 l'Etre
796 3513 843 3565 des
867 3515 950 3579 atres,
978 3529 1012 3565 ou
1029 3514 1117 3582 plutot

185 3612 312 3671 deletion
330 3612 362 3664 dc
379 3611 455 3664 l’lme
470 3608 576 3679 jusqu'a
593 3616 635 3662 cet
650 3613 731 3671 Etra,
755 3608 853 3677 mepris
870 3610 906 3661 du
923 3607 1032 3678 plaisir,
1059 3612 1116 3663 me-

184 3708 241 3779 pris
268 3709 352 3762 meme
381 3709 414 3759 de
430 3708 456 3759 la
474 3707 601 3771 docilem,
629 3704 726 3773 mepris
744 3706 776 3757 dc
793 3705 819 3759 la
835 3704 875 3758 vie
893 3711 918 3757 et
936 3705 968 3758 de
985 3706 1011 3758 la
1027 3714 1113 3772 mort,

171 3799 346 3858 'inflexibilite
372 3804 438 3856 dans
464 3803 490 3855 la
513 3801 622 3869 justice:
650 3800 686 3852 tel
712 3800 775 3853 erait
796 3801 820 3854 le
838 3803 964 3855 caractere
982 3801 1029 3854 das
1046 3801 1115 3856 vrais

185 3899 330 3964 Sto’icieus,
354 3908 380 3952 et
397 3905 455 3951 tout
472 3898 580 3965 cequ'ou
598 3897 667 3964 apd
685 3896 741 3949 dira
758 3906 846 3952 contra
864 3914 930 3963 eux,
957 3898 1020 3952 c'est
1037 3896 1115 3966 qu’ils

184 3996 401 4066 decourageaicnt
417 3997 441 4049 le
460 4003 527 4049 reste
545 3995 591 4050 des
608 3994 752 4049 hommes.'’

958 4092 1004 4158 l*
