2712 4842
650 432 714 499 122

239 638 302 705 que
336 616 472 681 manime
501 615 663 702 erigerem
679 615 861 684 Stoicorum
878 618 1090 699 munatium,
1114 645 1178 712 qen

236 756 297 822 pro
321 734 438 822 patria,
461 757 523 823 pro
541 733 666 815 amicis,
692 735 734 800 ob
758 733 930 819 graviorem
952 730 1111 814 dolorem,
1137 739 1180 804 eb
1257 810 1260 817 ,
1346 724 1350 803 i

240 848 468 917 mutilationem
504 851 667 917 morbosve
698 847 883 915 insanabiles
905 873 1018 916 manns
1037 851 1101 917 sihi
1121 854 1179 941 in-

239 964 321 1032 serre
351 965 482 1033 licerett
519 964 582 1033 hoc
617 964 725 1032 saltem
760 982 906 1050 constat,
932 990 1008 1035 eum
1044 986 1180 1037 mortem

239 1084 298 1151 sihi
325 1084 531 1163 conscivisse,
564 1080 605 1147 de
627 1083 749 1150 ratione
768 1098 892 1148 tantum
919 1084 954 1148 in
977 1085 1075 1150 verius
1097 1110 1179 1175 paru

240 1216 287 1265 tea
317 1198 464 1267 abierunt
503 1214 632 1267 ueteres,
684 1201 874 1285 Diogenes
910 1201 1101 1266 Laertius
1135 1200 1179 1288 (¹)

241 1332 274 1381 et
294 1314 539 1380 Jumblichus
563 1313 610 1403 (λ)
635 1315 766 1381 tradunt
787 1340 860 1382 enm
884 1340 902 1381 e
923 1315 1032 1383 schola
1050 1318 1177 1383 abeun-

240 1449 307 1501 tem
330 1428 500 1497 offendisse
529 1429 727 1521 digitumque
755 1431 962 1521 perfregisaeg
987 1449 1180 1500 meantum

241 1565 355 1619 terram
376 1547 541 1617 ferientem
563 1546 676 1615 dixisse
698 1545 777 1615 illud
799 1572 818 1614 e
839 1550 870 1614 N
876 1549 984 1616 iohe:

315 1690 473 1773 Ἔρχομαι,
494 1700 522 1753 τί
539 1690 638 1772 μ’ἀΰοις
658 1702 785 1770 (iambi.
804 1700 832 1754 τί
849 1719 881 1771 με
901 1695 1009 1772 duee),

241 1831 457 1919 continuoque
479 1829 647 1911 interiisse,
669 1844 706 1891 nt
727 1828 909 1921 Laertius
931 1827 1047 1910 refert,
1067 1843 1175 1893 stran-

242 1945 408 2032 gulatione.
432 1946 513 2009 Rem
534 1942 640 2033 paullo
662 1943 756 2008 aliter
778 1960 883 2008 narrat
907 1942 1177 2034 Lucienus(³),

242 2065 299 2152 qui
334 2048 465 2127 domum
501 2085 661 2126 reversum
697 2061 760 2125 cibi
790 2050 978 2125 abstinentia
1024 2061 1104 2127 vitae
1128 2059 1176 2124 fi-

243 2205 319 2246 nem
338 2178 519 2269 imposuisse
542 2176 652 2259 tradit,
682 2177 716 2241 in
739 2178 846 2242 ceteris
871 2200 944 2243 vcro
965 2202 1039 2244 cum
1060 2180 1177 2242 Luer-

243 2298 299 2363 tio
334 2313 366 2360 et
400 2291 628 2359 Jamblicho
655 2293 820 2358 consentit.
866 2294 1017 2358 Veterum
1042 2290 1083 2358 de
1108 2294 1177 2378 ejus

243 2414 352 2480 mortis
396 2435 509 2497 genere
541 2407 715 2474 dissensum
749 2407 811 2474 hoc
843 2425 1044 2499 pentametro
1074 2406 1182 2472 retulit

246 2528 427 2598 Laertius
450 2524 502 2614 ().
610 2513 616 2525 ’

284 2652 333 2708 T'ou
352 2656 430 2706 Κιτιᾶ
451 2654 558 2710 Ζήνωνα
577 2650 662 2702 θανεῖν
683 2646 780 2720 λόγος,
802 2647 836 2710 ὡς
855 2646 905 2702 ὑπὸ
924 2652 1013 2721 γήρως

283 2759 373 2815 Πολλὰ
394 2757 481 2832 καμὼν
503 2757 576 2815 λύθη·
601 2755 625 2810 οἱ
645 2754 694 2822 de',
716 2756 798 2828 μένων
819 2751 918 2817 ἄσιτος·

285 2868 320 2923 Oi
340 2861 376 2934 δ’,
396 2864 438 2920 ὅτι
457 2862 607 2939 προσκόψας
625 2857 681 2918 ποτ’
702 2859 770 2936 ἔφη,
792 2862 852 2937 χερὶ
871 2867 951 2936 γαῖαν
972 2861 1103 2928 ἀλοίσας,

280 2969 415 3050 ’Ἔρχομαι
434 2973 581 3047 αὐτόματος
601 2970 645 3031 tt·
668 2973 695 3026 τὶ
714 2971 801 3032 καλείς
818 2991 870 3045 με,
891 2971 974 3044 μορέ;

247 3108 297 3173 E'x
322 3128 388 3194 quo
420 3102 489 3168 loco
512 3101 575 3167 hoo
604 3103 696 3167 etiam
733 3101 813 3166 mihi
849 3100 929 3166 effici
952 3091 1094 3177 ridetur,
1115 3121 1182 3164 non

247 3244 396 3299 novans,
442 3217 496 3284 sed
529 3234 653 3283 tantum
682 3242 699 3282 e
736 3234 876 3283 veterum
907 3214 1048 3281 dissensu
1081 3230 1183 3280 ortam

246 3349 310 3406 esse
335 3336 502 3404 Luciani
524 3336 730 3416 sententiam,
758 3360 821 3422 qna
839 3334 1009 3401 contrarias
1018 3333 1183 3422 opiniones

249 3468 454 3544 componeret
480 3466 512 3515 et
534 3451 723 3517 conciliaret.

295 3568 531 3648 CleantheS,
568 3568 790 3654 octogesimum
824 3568 928 3634 aetatis
960 3589 1082 3632 annum
1114 3567 1184 3652 jum

252 3730 377 3749 ntum—vq-

286 3817 314 3885 (¹)
333 3821 387 3881 vlt,
406 3820 425 3884 u
443 3820 486 3881 ns,
505 3818 548 3870 nu
585 3817 613 3883 ρ)
633 3815 714 3884 spise
741 3818 774 3868 aa
791 3815 980 3884 Olympium
998 3816 1031 3868 de
1047 3812 1184 3867 fortitudi-

250 3930 299 3978 ne,
319 3914 389 3981 apud
407 3914 497 3967 Stobi
512 3914 582 3967 Flor.
601 3912 655 3968 Tit.
672 3917 699 3977 t,
718 3915 751 3965 tt
773 3913 814 3966 cd.
833 3911 939 3968 Gaiss.
979 3913 1006 3979 (³)
1026 3917 1055 3965 ln
1070 3911 1183 3966 Maeroh.

254 4029 277 4065 o.
297 4014 340 4064 19.
378 4009 503 4076 (²²)§31.
