2798 4836
659 416 700 482 23

203 605 350 700 posuisse.
395 606 547 675 Ceterum
583 601 798 691 sequebantur
827 596 894 664 lere
924 596 989 661 vim
1019 593 1138 662 verbo-

202 746 293 807 rum,
328 736 361 786 et
390 718 591 817 delinitiopes
613 717 771 785 faciebant
789 710 1030 804 etymologicus,
1053 708 1140 778 velut

206 847 460 936 Chrysippus
495 843 613 926 λύπην,
654 840 827 920 tristitiem,
859 835 1032 903 definiebat
1058 833 1141 901 λύσιν

202 972 316 1054 αῃίιηίς
343 969 431 1035 καλὸν
466 992 482 1034 a
516 967 642 1054 καλεῖν,
670 965 759 1059 quod
783 963 825 1032 ad
846 989 878 1032 se
899 980 1009 1050 voeat3
1034 959 1140 1048 usos,

202 1084 472 1165 misericordiam,
508 1082 711 1152 mobilitatem
734 1081 907 1150 deliniebat
925 1098 958 1150 et
978 1082 1141 1150 mollitiem

203 1212 320 1295 animi,
343 1213 420 1301 quia
441 1207 599 1277 diceretur
624 1210 664 1275 ab
678 1206 754 1294 ἕλω,
775 1206 882 1297 volvo,
905 1231 1030 1294 moveo,
1053 1206 1141 1277 unde

204 1341 298 1406 etium
327 1335 440 1425 Qatnu,
473 1337 597 1420 oleum,
620 1336 744 1407 dictum
770 1363 845 1408 esse.
885 1340 938 1437 'Ita
961 1341 1141 1411 Stoicorum

205 1457 357 1523 rationem
378 1471 502 1522 secutus
528 1471 574 1522 est
597 1455 744 1525 Cicero
766 1454 807 1547 (¹)
831 1458 865 1525 in
886 1455 1073 1526 definitione
1092 1457 1139 1524 fi-

204 1570 276 1656 dei,
298 1588 333 1638 'et
353 1569 487 1639 eandem
506 1570 726 1662 etymologicae
748 1571 944 1641 delinitionis
965 1590 1139 1645 consuetu-

205 1689 314 1754 dinem
333 1704 505 1755 tenuerunt
524 1688 586 1755 Icti
604 1689 756 1773 Romani,
780 1715 918 1780 quorum
934 1689 1081 1783 plerique
1100 1715 1140 1757 ex

205 1806 311 1876 Stoice
330 1803 520 1897 prodierunt
542 1802 717 1897 discipline.

200 1971 205 1978 -
249 1924 296 1989 De
328 1923 448 1990 ratione
476 1923 702 1991 consecutionis
740 1938 772 1991 et
799 1919 840 1993 do
863 1920 988 2007 modis,
1025 1923 1142 2014 quibus

197 2064 314 2108 ¹verum
343 2038 527 2107 conclusum
552 2037 628 2105 inde
647 2039 728 2107 effici
753 2038 924 2121 volebant,
952 2042 1139 2130 pugnabunt

206 2182 281 2224 eum
315 2153 494 2224 Diodoro
511 2157 658 2239 Crono,
693 2180 794 2246 quam
828 2156 1069 2226 controversiam
1090 2155 1140 2223 ln-

206 2274 269 2339 tius
302 2272 505 2366 persequitur
542 2270 690 2339 Sextus
712 2271 943 2361 Empiricus
966 2272 1019 2363 (²).
1060 2273 1142 2339 Vitia

205 2386 452 2480 syllogismorum
474 2385 516 2457 etl
538 2403 674 2479 quotuor
693 2388 794 2479 eapite
817 2405 1017 2459 revocentur.
1063 2389 1139 2457 Pri-

205 2530 312 2590 mum,
346 2530 448 2598 quum
480 2503 584 2592 figura
611 2521 659 2571 est
676 2504 767 2573 false:
804 2504 1004 2588 secundum,
1038 2530 1140 2596 quum

205 2645 472 2715 supervacaneum
501 2637 548 2687 est
580 2646 680 2689 unum
711 2645 751 2688 ex
787 2623 924 2688 sumtis:
977 2623 1138 2704 tertium,

206 2765 309 2830 quum
345 2738 434 2805 deest
468 2760 569 2805 unum
601 2762 641 2804 ex
675 2738 784 2805 sumtis
795 2768 810 2828 εΙ
839 2754 1009 2831 quartum,
1039 2763 1140 2828 quum

206 2855 290 2923 nulla
322 2872 368 2923 est
394 2856 429 2923 in
463 2856 571 2923 sumtis
610 2856 772 2923 connexio.
818 2854 1075 2944 Syllogismorum
1108 2871 1142 2920 et

205 2974 336 3041 omuino
374 2971 674 3052 demonstrationis,
725 2998 789 3062 qua
821 2973 1022 3053 utebantur,
1060 2971 1141 3036 ratio

204 3088 330 3182 plenius
363 3087 579 3178 cognoscenda
613 3104 660 3155 est
694 3112 732 3154 ex
758 3088 833 3179 ipsis
855 3110 965 3155 eorum
987 3084 1137 3177 dispute-

205 3207 366 3288 tiouibus,
398 3204 483 3273 velut
511 3205 720 3295 Epicteti,
747 3205 941 3288 Senecae,
973 3205 1022 3272 M.
1051 3203 1135 3272 An-

205 3322 358 3406 tonini,
381 3322 608 3405 Ciceronis,
633 3323 746 3411 quiin
768 3318 961 3411 quibusdum
981 3318 1069 3387 libris
1090 3319 1138 3388 vel

202 3440 270 3530 ipse
302 3439 484 3509 Stoicorum
507 3462 594 3507 more
615 3434 758 3523 disserit,
790 3438 839 3507 vel
861 3439 896 3503 in
927 3437 991 3503 aliis
1019 3432 1139 3504 Stoicos

205 3650 347 3669 *un—

239 3769 268 3835 (¹)
286 3775 323 3829 Dc
338 3772 396 3829 or.
422 3777 442 3835 1,
469 3776 499 3829 r,
535 3773 564 3837 ι’)
582 3773 694 3847 nunu„
712 3775 778 3838 nyp.
797 3775 829 3834 11,
848 3771 867 3837 s
885 3773 936 3822 110
953 3776 979 3825 et
996 3768 1054 3823 adv.
1073 3772 1137 3837 mg.

186 3870 269 3939 svnt,
289 3869 307 3937 S
324 3871 383 3933 113,
394 3870 435 3925 etl.
453 3869 547 3924 Febr.
