2712 4842
660 419 725 486 2⁷8

232 601 302 669 dus
334 596 376 691 (¹)
408 615 440 667 et
472 599 738 671 Nieuwenhnis
776 598 819 691 (²)
852 599 1014 669 Catonis
1046 598 1173 667 sasinus

232 737 327 807 turpe
358 734 389 784 et
418 717 537 787 humile
572 716 665 787 saissa
683 733 838 801 censent,
865 740 990 806 quum,
1021 739 1087 785 non
1107 739 1174 804 pa-

235 837 334 918 triae,
358 833 415 900 sed
438 837 487 900 sni
506 858 610 903 amore
628 833 786 921 flagrans,
810 834 856 900 rei
879 832 1075 926 publicaeeo
1087 848 1174 898 tem·

238 975 317 1044 pore
353 948 512 1033 desuerit,
547 972 628 1041 quo·
645 949 801 1033 consiliis,
824 973 946 1043 opera,
967 950 1176 1032 auctoritate,

240 1071 266 1135 si
287 1091 319 1133 se
336 1083 502 1149 servasset,
537 1090 605 1136 eam
627 1083 661 1134 et
686 1056 969 1160 augere'potuisset
994 1083 1027 1133 et
1051 1063 1179 1133 eonfia-

243 1207 350 1266 maaeg
389 1208 462 1250 aum
496 1208 569 1252 vero
587 1182 717 1270 gloriam
737 1186 905 1251 maximam
932 1199 1179 1251 consecraturum

244 1300 360 1382 fuisse,
392 1301 437 1380 si,
471 1297 657 1368 dominante
678 1301 771 1366 etiam
796 1302 975 1381 Caesare,
997 1300 1042 1365 rai
1066 1297 1180 1386 publi-

245 1440 298 1482 oae
322 1414 479 1483 curandae
499 1414 608 1483 sedulo
629 1440 757 1507 operam
784 1433 931 1484 navasset.

290 1532 487 1599 Voltarios
511 1534 545 1599 in
565 1534 723 1600 notissima
746 1532 902 1621 tragoedia
926 1531 967 1598 de
984 1547 1084 1600 morte
1097 1532 1185 1597 Cae

250 1650 348 1715 saris
371 1646 435 1737 (³),
470 1647 544 1715 lieet
575 1646 618 1716 de
639 1650 803 1717 Catonis
835 1649 1007 1718 voluntaria
1036 1671 1114 1715 neae
1134 1646 1186 1712 le·

249 1766 320 1832 nius
349 1762 511 1851 judicium
542 1763 671 1848 tulerit,
703 1789 772 1832 eam
793 1784 923 1850 tamen,
958 1783 1112 1856 tanquam
1142 1764 1189 1828 rei

250 1880 397 1974 publicae
430 1882 588 1979 Romanae
606 1882 772 1964 inutilem,
805 1882 861 1950 soli
888 1882 1001 1970 gloriae
1025 1879 1190 1974 cupiditati

252 1995 457 2065 tribuendam
482 2014 514 2062 et
540 1996 785 2087 improbandam
807 2015 935 2067 oensetz

291 2151 317 2206 si
336 2149 563 2207 Catonm’avait
580 2151 647 2215 ord,
665 2152 727 2220 plus
744 2152 815 2219 juste
832 2168 865 2205 en
884 2169 912 2206 sa
930 2152 1017 2217 iuria,

290 2252 340 2302 Sur
357 2250 460 2302 Cesar
478 2245 598 2315 expirant
615 2245 634 2299 il
652 2248 697 2300 ant
714 2249 798 2315 perdo
815 2249 842 2301 la
858 2248 916 2312 νίας

285 2343 354 2398 Mais
371 2343 391 2396 il
408 2350 504 2396 tourna
521 2356 568 2395 sur
586 2341 625 2395 soi
643 2357 687 2394 ses
704 2342 857 2398 innoeentes
876 2344 982 2407 mains;
1042 2372 1045 2379 ι

286 2445 320 2495 Sa
336 2446 406 2492 mort
422 2439 465 2491 snt
482 2437 576 2491 inutile
594 2453 627 2491 au
646 2438 765 2495 bonhem
783 2441 830 2494 des
848 2440 981 2497 humainS.

285 2536 394 2591 Faisant
411 2543 469 2587 tout
486 2551 553 2604 pour
570 2536 596 2587 la
614 2534 714 2602 glane,
734 2536 753 2589 il
771 2553 803 2611 ne
822 2539 851 2589 tit
868 2537 924 2590 rien
942 2553 1010 2606 pour
1028 2541 1143 2603 Rome,

288 2641 320 2689 Et
337 2635 401 2688 o’est
417 2634 444 2686 la
461 2634 535 2686 seule
552 2633 625 2684 faute
643 2634 678 2684 οὺ
696 2634 785 2686 tomba
803 2651 832 2687 ce
851 2635 935 2703 grand
952 2634 1067 2688 homme.

257 2768 621 2858 MontesquiviusC)
642 2769 753 2848 etiam,
778 2785 917 2835 ceterum
938 2772 1052 2837 rectius
1067 2768 1195 2836 doCa-

259 2903 354 2953 tone
372 2883 544 2973 judicans,
568 2902 599 2951 et
622 2883 887 2976 Muellerusff)
911 2888 979 2974 ejus
999 2903 1130 2954 mortem
1152 2886 1198 2951 rei

262 3001 407 3093 publicae
430 3002 582 3092 perniciei
600 3000 694 3067 fuisse
710 3018 850 3068 censent.

306 3119 540 3187 Moshemius
561 3115 625 3208 (⁶),
660 3134 695 3183 ut
719 3118 753 3182 in
777 3117 935 3204 vulgarem
958 3120 1141 3186 Stoicorum
1160 3116 1201 3185 de

262 3251 363 3301 morte
397 3233 570 3302 voluntaria
603 3234 792 3300 sententiam
823 3236 936 3301 acriter
966 3238 1111 3304 invectus
1130 3253 1200 3319 est,

259 3424 393 3438 θ’*

304 3508 330 3575 (¹)
350 3508 423 3577 Disp.
442 3506 510 3563 Phil.
529 3508 561 3561 de
579 3516 656 3563 mort.
675 3509 726 3563 vol.
739 3508 767 3560 in
779 3512 875 3576 0puse.
889 3512 970 3564 nond.
981 3552 988 3575 ‚
1001 3513 1043 3566 ed.
1057 3516 1097 3563 Po
1106 3511 1206 3575 alita„

270 3606 328 3659 Vol.
355 3609 376 3670 l,
401 3611 435 3660 Ν0
463 3608 490 3672 2,
509 3625 536 3677 p.
554 3611 598 3664 87.
636 3611 664 3678 (²)
683 3618 720 3666 De
737 3612 834 3686 αὐτοχ,
855 3616 906 3669 fae.
917 3631 946 3667 ex
956 3615 1003 3669 rel.
1015 3612 1111 3667 Christ.
1124 3628 1209 3681 praec.

270 3711 297 3754 et
314 3701 369 3756 ind.
386 3704 445 3770 jud.
464 3722 491 3774 p.
509 3706 552 3761 21.
591 3706 619 3774 (³)
637 3713 695 3764 Act.
714 3716 746 3776 11,
766 3728 803 3766 sa.
822 3715 849 3775 t,
868 3716 934 3780 Opp.
954 3711 1211 3778 Tom.V11‚p.374,

266 3798 312 3851 ed.
333 3801 411 3856 1764.
429 3801 469 3856 Cf.
489 3806 564 3856 Tom.
582 3809 625 3871 IV,
644 3821 667 3860 o.
687 3809 730 3871 13,
749 3825 776 3876 p.
795 3811 827 3861 91
847 3824 905 3876 sqq.
943 3807 971 3874 (d)
989 3807 1098 3861 Grand..
1118 3808 1213 3860 atltae.

272 3896 318 3947 des
343 3900 420 3951 Rom.
447 3899 489 3952 oh.
519 3903 573 3954 xtt.
611 3900 640 3968 (⁸)
664 3903 725 3970 Alg.
750 3904 842 3958 Gesah.
863 3904 912 3958 Th.
931 3909 953 3969 1,
971 3909 1001 3959 Β.
1020 3908 1064 3969 vl,
1083 3906 1151 3973 Kap.
1168 3904 1228 3968 25(

275 3996 302 4047 S.
320 3994 372 4046 297
388 3993 454 4061 folg.
492 3994 520 4062 (θ)
539 3999 588 4065 Op.
606 3998 625 4052 l.
645 4003 720 4053 Tam.
739 4004 781 4064 tv,
801 4016 828 4069 p.
847 4003 896 4054 181
916 4016 956 4068 sq.
1038 3999 1042 4003 ’
