2756 4830
614 418 679 486 305

167 606 203 682 δὲ
241 612 335 702 μένειν
374 607 427 698 μὲν
445 608 481 674 ·ε’ν
505 608 591 684 οἴκοις
616 614 703 699 σῶμα
727 613 873 698 ἔχοντας,
916 632 1101 678 caractera-

166 740 274 805 οθεῖσιν
313 735 368 804 ὑπὸ
409 735 530 822 ψυχῆς,
564 732 691 824 ἀδελφῆς
722 737 859 825 ἀγαθός,
898 736 1006 807 πολλὴν
1037 734 1097 801 dd-

166 889 253 957 ναγιιν
301 863 338 938 εἰς
384 860 416 927 τό
457 857 641 950 δημιουργεῖν
679 862 790 936 ἀπόνως
817 862 950 949 ἐχούσης.
1006 859 1102 926 ΡΙο-’

169 983 296 1062 tinus,
328 979 401 1045 licet
430 976 550 1043 dolores
583 977 806 1056 vehementes,
842 994 995 1069 quatenns
1019 976 1095 1043 ferri

167 1100 304 1190 possint,
329 1092 473 1161 ferendos
491 1117 554 1159 esse
577 1110 715 1175 censeat,
740 1078 866 1160 videtur
887 1110 989 1160 tamen
1009 1116 1095 1159 casus

169 1218 344 1307 quosdam,
367 1220 405 1284 τό
431 1219 595 1306 ἀναγκαῖα,
622 1218 738 1307 quibus
761 1233 893 1282 mortem
906 1217 966 1282 sibi
980 1215 1095 1281 inferre

167 1334 277 1418 liceat,
303 1337 477 1426 excepisse3
503 1337 536 1401 in
560 1336 676 1424 quibus
699 1334 851 1398 insaniam
875 1333 1095 1399 imminentem

168 1451 361 1518 censendam
383 1476 446 1518 esse
468 1450 558 1517 ducit
580 1449 634 1533 (λ.

114 1611 117 1615 -
211 1569 474 1659 Porphyrius,
511 1567 686 1637 Socratis
721 1568 755 1629 in
776 1562 994 1631 Phaedone
1016 1589 1094 1632 sen-

167 1686 298 1750 tentiam
329 1703 475 1765 secutus,
509 1682 678 1749 discessum
705 1683 802 1745 animi
830 1708 847 1746 a
877 1706 1008 1772 corpore
1030 1679 1098 1747 du-

166 1807 283 1903 plicem
302 1834 365 1875 esse
382 1811 510 1892 statuit,
535 1834 637 1875 unum
658 1809 829 1878 violentum
850 1805 891 1895 (²)
912 1805 983 1892 βόα,
1007 1805 1102 1872 πειθοῖ

167 1932 216 1998 καὶ
242 1935 319 2000 κατόι
346 1930 429 2023 λόγον
461 1935 611 2004 alterum:
648 1936 743 2021 Ψνχὴ
772 1932 865 2024 φαύλη
891 1931 940 1996 nui
968 1932 1099 2020 ἄλογος,

166 2060 184 2129 ἣ
210 2058 242 2124 τό
266 2064 352 2147 σῶμα
378 2060 516 2126 ἀπελειπε
541 2059 596 2145 βόα
622 2059 792 2144 σνληόεῖσα,
815 2059 966 2148 προσμένει
988 2057 1097 2145 τούτῳ,
1182 2130 1184 2133 ,

166 2185 236 2250 όπον
262 2210 296 2272 γε
323 2182 371 2247 καὶ
399 2190 456 2249 τῶν
481 2184 639 2273 ἀνθρώπων
666 2186 696 2247 αἱ
725 2177 847 2271 (ψυχαὶ)
874 2189 931 2248 τῶν
946 2181 1000 2268 βόα
1017 2184 1098 2248 ἀπο-

92 2344 95 2349 ·
166 2309 331 2397 θανόντων,
372 2308 421 2372 καὶ
456 2311 628 2396 κατέχονται
664 2308 733 2400 πρός
769 2316 811 2397 τῷ
846 2311 981 2396 σώματι,
1008 2306 1023 2371 ό
1048 2305 1097 2372 καὶ

167 2440 216 2500 τοῦ
251 2437 292 2523 μὴ
328 2432 382 2520 βίᾳ
417 2433 515 2500 ἑαυτὸν
552 2432 665 2522 ἐξάγειν
700 2431 719 2504 ἦ
747 2434 866 2523 (malim
891 2426 944 2519 ἦν)
972 2432 1101 2498 κωλυτι-

167 2562 226 2624 κόν·
268 2559 310 2650 (a)
344 2586 425 2651 quae
461 2566 614 2628 sententia
649 2562 791 2629 desumta
823 2577 868 2628 est
898 2587 915 2628 e
946 2550 1101 2628 Plotini

165 2687 249 2753 libro
284 2685 348 2776 περὶ
385 2686 498 2775 εόλόγον
525 2683 692 2777 ἐξαγωγῆς,
730 2690 835 2779 paullo
859 2707 976 2755 mutata
999 2707 1031 2756 et
1058 2690 1099 2757 ad

168 2804 382 2895 Porphyrii
403 2803 580 2871 doctrinam
598 2806 800 2873 conformata.
832 2807 1098 2899 Porphyrius,

166 2946 269 3012 quum
302 2922 418 2986 Romae
450 2920 555 2989 adhuc
577 2920 722 3009 degeret,
750 2922 790 2988 de
810 2942 912 2990 morte
931 2926 989 2989 sihi
1009 2924 1097 2989 infe-

163 3036 263 3104 renda
293 3040 458 3125 cogitavit,
490 3057 527 3105 ut
560 3042 626 3130 ipse
659 3058 788 3106 testatur
815 3044 849 3107 in
886 3043 947 3109 vita
973 3042 1097 3108 Ploti-

165 3156 204 3219 ni
241 3142 431 3243 (⁵)3‘quod
468 3158 665 3246 propositum
702 3157 884 3225 Plotinus
916 3160 1097 3225 mirabiliter

165 3272 386 3363 persentiens,
423 3270 508 3339 dorni
553 3275 686 3340 moranti
721 3275 865 3364 protinus
901 3273 1026 3341 adstans
1070 3281 1098 3341 ei

164 3386 307 3453 dissuasit
339 3412 479 3479 eumque
509 3391 625 3456 Roma
650 3391 735 3457 abire
756 3393 858 3480 jussit.
904 3394 984 3459 Rem
1009 3392 1096 3459 aliter

199 3729 227 3795 (¹)
246 3730 285 3783 l.l.
305 3745 331 3797 p.
350 3731 384 3782 85
402 3732 430 3783 C.
468 3729 496 3794 (²)
521 3733 558 3780 De
582 3728 657 3782 Abst.
677 3734 697 3793 Ι,
717 3732 735 3797 §
754 3732 796 3795 38,
821 3732 891 3800 apud
913 3734 1000 3788 Stob.
1023 3734 1094 3787 Flet.
1159 3770 1167 3787 .

163 3824 217 3879 Tit.
235 3828 296 3889 118,
320 3826 362 3879 32.
382 3824 431 3880 Cff.
450 3825 670 3891 Hclstenius,
689 3824 717 3876 in
735 3825 788 3879 vita
807 3828 1001 3896 Porphyrii,
1020 3844 1043 3883 ο.
1068 3831 1095 3893 9,

163 3922 234 3989 upud
252 3923 329 3976 Febr.
349 3927 378 3975 B.
398 3925 443 3975 Gr.
461 3926 504 3986 IV,
524 3930 549 3988 p.
568 3923 628 3974 262.
666 3920 694 3987 (³)
713 3926 750 3974 De
766 3923 841 3977 Abst.
860 3929 892 3990 11,
912 3927 985 3992 §tm
1024 3923 1052 3991 (⁶)
1070 3939 1094 3977 e.

162 4021 207 4083 11,
228 4018 299 4087 apud
321 4017 415 4072 Febr.
434 4022 463 4072 B.
483 4020 528 4072 Gr.
547 4022 590 4084 IV,
609 4035 631 4072 c.
651 4020 695 4085 26,
714 4035 741 4088 p.
761 4021 819 4073 113.

943 4120 986 4190 20
