2756 4830
711 427 775 498 308

285 625 366 714 ’μετὰ
400 625 547 710 θάνατον,
591 619 673 688 οὐδὲν
708 624 786 711 μέγα
812 621 990 712 καθαρτικῶς
1025 626 1089 708 ζῇν·
1127 619 1160 685 ἐν
1184 616 1222 686 δῖ

287 756 331 839 τῷ
357 753 469 839 σώματι
496 751 704 837 κατεχόμενον,
730 750 859 837 γενναῖόν
885 747 948 823 ἐςιν
974 745 1146 833 ἀντέχεσθαι
1172 754 1222 819 τῆς

290 876 465 966 καθάρσεως.
517 875 655 965 Δεύτερον
681 872 878 963 ἐπιχείρημα,
905 878 1003 962 ὥσπερ
1030 870 1061 936 τὸ
1087 870 1159 935 θεῖον
1175 864 1220 935 ἀεί

290 1010 365 1068 ποῖοι
392 1005 519 1092 πάρες-ι,
545 997 594 1064 καί
622 999 660 1064 τά
687 997 739 1086 μὲν
764 998 851 1063 αὐτοῦ
875 991 916 1063 δι’
933 997 1039 1062 οἰκείαν
1054 993 1221 1070 ἐπιτηδειό-

288 1151 360 1198 τητα
387 1126 406 1197 ἢ
432 1121 687 1225 ἀνεπιτηθειότητρι
712 1122 825 1212 μᾶλλον
851 1119 869 1193 ie
896 1119 978 1193 ἧττον
1000 1124 1132 1211 μετέχει,
1149 1126 1221 1188 ούτω

287 1248 336 1315 καί
363 1252 414 1322 την
441 1250 540 1338 ψυχὴν
565 1246 617 1313 θεῖ
637 1251 769 1339 παρεῖναι
797 1253 838 1336 τῷ
864 1250 977 1337 σώματι
997 1247 1045 1311 καί
1062 1250 1103 1332 μη
1121 1248 1220 1338 χωρί-

288 1381 349 1455 ζειν
389 1375 502 1446 ἑαυτήν.
534 1380 615 1441 τούτο
645 1372 680 1439 θὲ
720 1367 760 1439 δι’
792 1375 897 1439 οἰκείαν
924 1370 1141 1448 ἐπιτηδειότητα
1171 1370 1220 1437 καί

286 1498 543 1575 ἀνεπιτηδειότητοι
569 1496 680 1587 μεθέξει
710 1499 796 1574 αὐτῆς
823 1500 841 1570 ἢ
867 1499 898 1564 ού
911 1496 1032 1586 μεθέξει.
1048 1525 1092 1541 -
1113 1498 1218 1589 Τρίτον

286 1626 490 1717 ἐπιχείρημα,
522 1625 569 1691 τὸν
613 1623 665 1712 μὲν
705 1623 831 1720 ἑκούσιον
875 1621 982 1712 θεσμὸν
1013 1621 1145 1697 ἑκουσίως
1174 1620 1222 1688 θεῖ

286 1751 389 1839 λύειν,
417 1752 464 1818 τὸν
490 1747 525 1816 θὲ
547 1751 682 1815 ἀκούσιον
711 1750 838 1838 ἀκουσίῳ
865 1747 943 1815 λύσει
974 1748 1070 1813 λυτέον
1099 1746 1149 1812 καί
1177 1751 1217 1836 μὴ

286 1873 410 1964 ἀναμίξ.
441 1877 493 1945 την
524 1874 576 1962 μὲν
600 1866 648 1940 ούν
678 1877 799 1964 ρνσικην
827 1880 921 1961 ζωήν,
953 1875 1088 1940 ἀκούσιον
1113 1866 1216 1960 οὖσαν,

286 2001 415 2091 ἀκουσίῳ
457 1998 536 2065 λύσει
578 1998 676 2064 λυτέον
715 2005 756 2088 τῷ
786 2005 897 2088 φυσικῷ
925 1999 1066 2089 θανοίτῳ,
1097 2002 1149 2070 τὴν
1184 1997 1218 2064 ἀὲ

284 2119 346 2214 μετ’
396 2124 551 2212 ἓμπαθείας
595 2129 700 2210 ζωήν,
748 2124 783 2195 ἣν
822 2127 904 2213 ἡμεῖς
940 2125 1017 2190 κατά
1053 2125 1218 2215 προαίρεσιν

285 2249 477 2342 ιἰρησοίμεθα,
512 2247 632 2338 ἑκουσίῳ
667 2248 746 2315 λύσει
775 2238 878 2316 λυτέον
905 2258 940 2338 τῇ
970 2248 1120 2339 καθάρσει.

696 2502 811 2551 CYNICI.

326 2717 418 2812 Quid
455 2718 569 2810 Cynici
604 2713 646 2782 de
670 2731 779 2781 nostro
802 2712 921 2805 placito
946 2715 1130 2800 statuerint,
1153 2716 1215 2783 de-

284 2836 416 2928 perditis
449 2831 721 2899 Antisthenis
750 2829 837 2896 libris
860 2829 901 2898 de
925 2831 1146 2915 Fortitudine‚
1176 2834 1217 2901 de

282 2951 472 3034 Moriend0‚
495 2948 536 3015 de
560 2950 630 3017 Vita
650 2963 682 3014 et
704 2949 809 3014 Morte
830 2943 872 3035 (¹)
892 2963 925 3012 et
949 2950 1137 3035 Diogenis
1160 2951 1214 3018 Si-

282 3069 432 3159 nopensis
453 3066 536 3133 libro
553 3063 594 3130 de
615 3065 722 3131 Morte
744 3061 812 3151 (²),
837 3065 942 3130 minus
960 3063 1084 3155 liquet3
1109 3068 1215 3158 ipsum

282 3208 357 3252 vero
384 3182 496 3269 dogma
520 3179 560 3246 de
588 3196 691 3247 morte
711 3178 881 3245 voluntarie
906 3181 1001 3246 abiis
1025 3181 1214 3250 celebratum

281 3302 374 3379 fuisse
410 3301 557 3388 ipsosque
582 3295 660 3362 adeo
693 3295 815 3363 Stoicos
837 3297 871 3360 in
890 3295 1070 3363 excolendis
1094 3298 1214 3383 placitis

282 3417 324 3485 de
348 3432 448 3483 morte
467 3409 721 3492 contemnenda,
749 3409 790 3476 de
815 3435 891 3477 nece
914 3410 1086 3478 voluntaria
1106 3439 1123 3480 e
1147 3418 1213 3506 Cy*

281 3536 360 3602 nicis
383 3533 524 3599 sontibus
548 3530 742 3620 potissimum
763 3528 918 3609 hausisse,
942 3530 1012 3594 satis
1035 3549 1168 3599 constat.

326 3652 457 3716 Tritum
487 3630 523 3713 iis
555 3645 719 3713 decretum
740 3645 833 3727 fuisse
856 3643 998 3714 videturz
1022 3648 1057 3712 in
1078 3650 1141 3715 vita
1162 3665 1214 3714 eut

282 3782 421 3836 mentem
442 3762 616 3854 parandam
637 3786 700 3828 esse
722 3779 776 3827 ant
799 3761 966 3851 laqueum,
992 3763 1081 3852 quod
1094 3765 1212 3833 ePlu·

281 3904 417 3932 dua-u·-

315 3994 346 4060 11)
364 3997 397 4047 n.
415 3995 444 4046 n.
463 3995 507 4053 νι,
525 3992 545 4058 η
562 3992 605 4057 ιε,
624 3993 667 4044 ιι.
704 3990 732 4057 (¹)
751 3993 782 4043 n.
801 3992 831 4042 ι.
849 3991 893 4052 vt,
911 3988 929 4055 s
947 3990 990 4043 se.
1010 3930 1013 3934 Ι
