2712 4842
650 412 655 434 .
679 377 745 444 274

250 556 404 627 fendendi
442 558 588 628 facultate
626 558 811 632 destitutum
841 552 1013 630 inveniat?
1046 555 1188 647 'Neque

254 677 339 742 enim
373 677 407 741 in
440 700 491 743 me
510 677 617 765 ipsum
639 679 770 768 requiro
791 675 948 766 gladium,
971 701 1073 767 quum
1094 677 1190 741 etiam

255 794 370 882 spiritu
387 794 477 860 brevi
499 810 641 887 tempore
660 795 801 863 cohibito
812 811 867 861 aut
879 795 981 887 cupite
994 793 1105 882 parieti
1114 791 1194 858 illiso

257 909 426 976 exanimari
457 908 584 977 liceat’'.
635 887 727 1002 Quae
757 936 860 1004 quum
893 908 1040 994 dixisset,
1073 907 1195 997 ejulans

203 1046 205 1057 ·
258 1023 435 1092 adolescens
454 1049 627 1118 omnesque
653 1027 769 1118 reliqui
787 1052 804 1095 e
824 1026 971 1095 eubiculo
980 1039 1194 1093 excesserunt.

260 1140 549 1234 Apollonidem
583 1166 659 1212 vero
691 1162 724 1211 et
759 1145 1023 1227 Demetrium,
1058 1142 1115 1230 qui
1137 1163 1194 1207 re-

259 1275 463 1341 manserant,
497 1258 596 1326 lenius
627 1263 696 1348 jam
732 1260 943 1354 compellansa
991 1308 1018 1344 „
1032 1260 1121 1324 Num
1142 1278 1197 1323 vos

262 1378 428 1466 quoque’',
450 1377 578 1465 inquit,
610 1376 734 1464 „hujus
754 1380 860 1443 aetatis
884 1377 988 1445 virum
1009 1375 1042 1441 vi
1061 1374 1198 1439 retinere

261 1492 297 1558 in
322 1493 383 1558 vita
414 1494 589 1560 statuistis?
635 1494 690 1560 An
714 1518 789 1561 vero
808 1493 874 1561 huo
893 1492 1017 1560 venistis
1041 1506 1077 1559 ut
1091 1512 1212 1575 ‘argus

264 1609 376 1674 mentis
420 1610 609 1675 Catonem
655 1608 790 1678 doceatis
833 1634 900 1677 non
932 1606 1102 1694 indignum
1134 1626 1199 1673 esse

263 1741 359 1813 atque
393 1722 545 1807 foedum,
580 1749 681 1814 quum
716 1724 842 1792 aliunde
874 1724 914 1791 de
950 1724 1047 1791 salute
1078 1721 1198 1813 despe-

263 1857 329 1923 ret,
363 1841 403 1906 ab
434 1839 522 1906 hoste
554 1865 622 1906 earn
652 1846 861 1934 exspectare?
906 1842 999 1931 Quin
1020 1842 1115 1927 igitur
1137 1838 1200 1904 hoo

265 1955 483 2023 demonstratis
506 1959 598 2023 nobis
620 1974 652 2024 et
677 1957 870 2045 persuadetis
889 1975 943 2042 ut,
962 1956 1083 2049 placitis
1095 1971 1128 2022 et
1137 1952 1200 2021 do-

268 2076 376 2142 otrinis
394 2073 452 2140 illis
476 2074 653 2164 prioribus,
676 2076 712 2140 in
732 2077 851 2165 quibus
874 2091 971 2142 totam
995 2074 1091 2141 vitam
1103 2072 1198 2140 trivi-

271 2216 359 2274 mus,
397 2190 550 2283 explosis,
585 2215 643 2282 per
678 2193 880 2258 Caesarem
902 2191 1101 2282 sapientiores
1123 2186 1204 2254 red·

270 2306 347 2391 diti,
370 2309 501 2394 majores
521 2308 549 2371 ei
570 2330 693 2393 agamus
716 2308 851 2394 gratias?
886 2308 989 2396 Atqui
1010 2304 1091 2371 nihil
1109 2305 1205 2393 equi·

265 2419 343 2490 'dem
365 2421 406 2490 de
430 2424 574 2511 meipso
598 2425 711 2506 statui,
738 2421 794 2489 sed
817 2439 943 2511 oportet
966 2446 1016 2519 me
1037 2437 1207 2511 postquam

270 2540 442 2608 deliberavi
470 2541 564 2607 etiam
587 2539 750 2607 eonsilium
776 2542 904 2630 exsequi
928 2563 1030 2632 posse.
1077 2541 1206 2607 Consu-

271 2659 335 2725 lam
351 2673 457 2724 autem
481 2653 718 2746 quodammodo
743 2658 922 2739 vobiscum,
945 2682 1048 2746 quum
1061 2679 1096 2721 ea
1111 2678 1208 2746 prue-

274 2792 365 2866 cepta
387 2777 422 2841 in
443 2772 594 2839 auxilium
620 2797 752 2857 vocem,
790 2774 908 2862 quibus
940 2789 1040 2837 vestra
1061 2770 1206 2863 philoso-

274 2892 352 2983 phia
369 2915 415 2979 ‚se
445 2891 493 2958 uti
529 2888 710 2982 profitetur.
755 2891 883 2958 Abeatis
915 2891 1009 2977 igitur
1031 2890 1116 2956 bono
1138 2889 1210 2954 ani·

276 3032 329 3075 mo
361 3007 529 3096 filiumque
562 3031 670 3074 meum
687 3008 846 3095 jubeatis,
867 3030 900 3072 ea
925 3030 1012 3101 quae⁸
1026 3007 1109 3093 patri
1130 3029 1213 3096 per--

276 3123 406 3190 suadere
438 3147 504 3191 non
537 3122 658 3207 valeat,
695 3125 725 3190 vi
756 3125 795 3189 ab
821 3147 858 3190 eo
880 3140 1069 3212 extorquere
1094 3120 1211 3188 nolle'’.

278 3242 335 3305 His
367 3264 448 3330 quae
477 3256 678 3331 opponerent
712 3263 778 3306 nou
808 3239 969 3306 habebant
990 3240 1213 3307 Demetrius

278 3372 310 3421 et
343 3351 621 3447 Apollonides,
667 3355 721 3422 sed
753 3355 959 3447 lacrymantes
993 3353 1212 3423 discesserunt.

277 3472 430 3539 Puerulus
463 3469 580 3538 deinde
609 3470 749 3559 gladium
785 3472 813 3537 ei
836 3472 965 3558 attulit,
996 3494 1094 3561 quem
1117 3494 1240 3537 manu·

278 3587 481 3680 prehendens
499 3587 659 3654 distrinxit
678 3605 709 3654 et
733 3587 950 3657 consideravit.
994 3589 1061 3656 Ubi
1081 3610 1214 3655 mucro·

280 3729 355 3770 nem
378 3702 534 3772 directum
556 3703 636 3772 vidit
659 3721 756 3795 atque
779 3707 875 3773 aciem
901 3706 1076 3792 integrama
1102 3705 1215 3788 Nune,

282 3822 349 3903 ait,
382 3823 442 3886 mei
461 3822 542 3909 juris
565 3845 657 3907 sum3
698 3822 864 3913 positoque
888 3846 980 3900 ense,
995 3822 1112 3890 librum
1131 3821 1216 3889 Pla·

282 3938 404 4020 tonis,
442 3961 540 4026 quem
565 3953 665 4004 totum
688 3938 735 4003 bis
757 3962 830 4005 eum
855 3939 1065 4030 pervolutasse
1087 3938 1215 4019 ferunt,
