2756 4830
607 468 672 547 sta

163 640 182 695 '-
218 650 459 740 Herodotua,
474 653 678 721 Historiarum
696 652 778 720 libro
790 653 923 741 septimo
936 650 992 740 (¹),
1019 648 1097 717 Ar-

173 772 358 836 tabanum
377 767 520 853 inducit,
536 772 613 861 qui,
632 773 711 838 vitae
730 768 885 836 humanae
903 767 1098 859 fragilitatem

173 903 206 952 et
229 885 442 953 infelicitatem
459 903 608 976 questus,
626 903 758 952 mortem
770 886 997 976 optatissimum
1017 884 1097 951 vitae

172 1002 353 1093 perfugium
367 1025 430 1069 esse
448 1000 559 1087 docet,
586 1002 683 1090 hujus
702 1026 775 1070 vero
795 1003 932 1068 miseriae
950 999 1095 1066 invidum

180 1125 365 1193 daemonem
393 1129 516 1195 incusat
536 1125 601 1218 (²):
651 1116 692 1192 ‘O
715 1122 768 1216 μὲν
791 1124 925 1211 θάνατος,
950 1122 1100 1214 μοχθηρῆς

172 1251 270 1328 ἐούσης
301 1252 350 1328 τῆς
384 1258 461 1330 ζωῆς
468 1303 480 1341 ,
506 1253 656 1342 καταφυγὴ
682 1248 859 1341 αἱρὲτωταίτη
887 1255 928 1337 τῷ
955 1249 1100 1340 ἀνθρώπῳ

172 1379 298 1468 γέγονεν·
328 1377 343 1443 ὁ
369 1374 404 1443 δὲ
424 1377 503 1465 θεός,
530 1376 637 1468 γλυκύν
655 1377 758 1467 γεύσας
776 1375 823 1441 τὸν
841 1374 953 1465 αἰῶνα,
971 1372 1099 1466 φθονερὸς

173 1500 204 1568 ἕν
229 1502 306 1597 αύτῷ
334 1501 491 1594 εὑρίσκεται
519 1501 572 1568 ἐών
602 1501 655 1594 ().

218 1621 305 1708 Quas
329 1621 521 1687 Graecorum
542 1621 727 1708 tragicorum
746 1620 912 1713 coryphaei
933 1618 973 1684 de
992 1635 1098 1687 nostro

174 1720 292 1825 placito
320 1736 509 1831 protulerint
541 1738 731 1820 sententias,
767 1735 840 1803 lieet
866 1760 905 1801 ex
934 1736 983 1801 his
1018 1733 1099 1826 quid

174 1854 233 1941 ipsi
261 1854 413 1918 senserint
437 1878 501 1919 non
524 1876 646 1945 semper
668 1878 726 1943 pro
750 1869 834 1921 certo
853 1853 998 1918 affirmari
1020 1877 1097 1941 pos-

174 1972 234 2048 sit,
270 1995 335 2036 non
363 1967 656 2057 praetermittendae
679 1986 783 2034 tamen
807 1967 974 2052 videntur,
999 1993 1101 2058 quum

174 2085 330 2173 vulgarem
353 2087 546 2153 Graecorum
570 2083 611 2150 de
633 2083 763 2151 suicidio
785 2087 973 2151 sententiam
993 2109 1031 2150 ex
1042 2109 1099 2151 eo-

173 2227 245 2269 ram
278 2201 438 2288 tragoediis
468 2202 601 2266 maxime
629 2224 813 2286 cognoscere
849 2199 948 2268 liceat.
1002 2201 1099 2269 [neo
1196 2212 1201 2219 “

174 2336 277 2385 autem
308 2318 352 2384 illi
387 2319 578 2385 conveniunt
609 2334 742 2383 mortem
776 2317 854 2383 vitae
885 2316 1013 2382 miserae
1036 2340 1100 2384 esse

174 2433 412 2528 praeferendam
442 2434 508 2523 (⁴),
541 2450 676 2500 mortem
715 2448 819 2500 tutum
853 2457 915 2499 esse
946 2432 1101 2501 malorum

177 2555 341 2648 πίω.
379 2580 407 2645 (¹)
425 2577 473 2631 eff.
491 2591 558 2643 quae
581 2574 613 2629 de
632 2574 720 2628 divina
736 2576 784 2628 hae
802 2574 900 2629 invidia
911 2575 1014 2628 monuit
1027 2578 1099 2632 Alb.

178 2668 228 2730 aa
244 2677 366 2744 Jongh,
391 2676 424 2728 de
444 2672 563 2726 Herod.
582 2671 649 2726 Phil.
671 2687 694 2726 e.
717 2675 737 2735 Ι,
761 2673 839 2740 W,
863 2671 1001 2740 inprimis
1022 2689 1048 2743 p.
1067 2676 1102 2726 3-1

174 2789 243 2843 εᾳαῳ
270 2774 298 2842 (⁸)
316 2772 364 2826 Hic
380 2773 453 2824 locus
472 2769 542 2838 apud
557 2769 752 2833 stobaeum,
768 2767 796 2819 in
813 2769 888 2836 eujus
903 2768 1043 2836 Florilegio
1061 2777 1102 2823 ter

173 2870 295 2936 oecumit,
323 2877 354 2921 ut
381 2864 547 2937 reposuimus
566 2863 672 2932 legitur.
688 2864 740 2918 Tit.
768 2866 827 2927 121,
855 2866 890 2915 10
915 2866 956 2920 ed.
974 2865 1101 2932 Gaisf.;

174 2973 227 3029 Tit.
243 2989 302 3027 vero
320 2974 364 3035 98,
382 2975 416 3026 62
432 2988 479 3041 pro
494 2969 591 3042 γεύσας
609 2969 758 3025 invenimus
774 2967 867 3032 τεύξας
883 2978 908 3023 et
922 2987 969 3039 pro
985 2967 1102 3044 φθονερὸς

174 3075 350 3153 desiderem,
371 3079 462 3132 eodem
489 3076 541 3132 Tit.
567 3077 664 3145 fragm.
689 3079 723 3128 73
747 3093 794 3144 pro
817 3075 913 3148 γεύσας
930 3075 1032 3145 τάξας,
1053 3079 1100 3136 uhi

174 3168 271 3236 Gesn.
292 3179 320 3234 in
338 3198 423 3251 marg.
442 3183 486 3236 alii
506 3175 624 3249 πλέξας,
645 3182 690 3236 alii
706 3180 808 3246 τεύξας.
846 3183 873 3250 (¹⁵)
892 3183 940 3239 Cff.
958 3187 1102 3256 Aeschy-

174 3277 246 3341 lus,
265 3276 292 3329 in
311 3277 439 3345 Ixione,
459 3280 547 3334 Stob.
569 3281 639 3334 Flor.
661 3279 713 3335 Tit.
734 3282 793 3345 121,
814 3283 856 3343 16;
872 3278 900 3333 in
918 3279 969 3337 ine.
985 3282 1099 3351 fragm,
1189 3259 1197 3269 .

175 3374 260 3429 Stoh.
278 3375 347 3428 Flor.
366 3364 419 3430 T'it.
436 3377 495 3439 121,
513 3380 554 3430 17:
569 3377 765 3444 Sophoclea,
784 3376 812 3430 in
827 3374 921 3430 Pelei
935 3375 986 3433 ine.
1001 3379 1099 3447 fragm.

173 3473 262 3533 XXXI,
283 3470 371 3525 Stoh.
392 3472 461 3523 Flor.
483 3470 535 3526 rit.
557 3473 616 3537 121,
635 3473 662 3536 93
681 3470 710 3526 in
726 3471 910 3541 Antigone,
928 3490 953 3528 v.
974 3476 1026 3528 167
1042 3491 1099 3544 sq.:

174 3563 372 3633 Euripides,
391 3565 419 3618 in
442 3568 641 3632 Erechtheo,
660 3568 756 3636 fragm.
783 3573 824 3634 XI,
852 3569 939 3624 stab.
960 3571 1029 3626 Flor.
1044 3572 1099 3627 rit.

175 3663 235 3726 121,
265 3663 307 3726 1at;
335 3661 364 3714 in
392 3664 568 3727 Archelao,
599 3663 697 3731 fragm.
725 3668 768 3729 IV,
798 3666 885 3720 Stoh.
906 3667 974 3721 I'lor.
999 3666 1051 3722 Tit.
1072 3673 1099 3735 7,

175 3759 201 3818 ὅς
228 3755 256 3808 in
279 3758 501 3826 Cresphonte,
528 3759 625 3826 fragm.
656 3764 677 3823 1,
706 3758 795 3815 Stoh.
814 3761 885 3815 Flor.
904 3761 1033 3828 Tit.120,
1054 3767 1100 3829 22;

174 3850 204 3906 in
235 3854 382 3919 Hecuba,
408 3871 435 3910 v.
457 3857 508 3908 ³73
537 3870 618 3923 sqq.,
646 3855 734 3908 Stob.
755 3857 825 3911 Flor.
849 3856 901 3911 Tit.
930 3860 989 3925 121,
1011 3863 1055 3924 203
1073 3861 1101 3913 ln

174 3948 326 4027 Iterithoi
341 3949 438 4017 fragm.
459 3955 526 4016 vul,
546 3949 635 4006 Stoh.
653 3950 723 4006 Flor.
739 3949 792 4007 Tit.
808 3951 868 4021 121,
886 3954 931 4024 215
944 3953 972 4010 ln
984 3957 1105 4014 Troad'

175 4057 201 4099 a.
224 4046 286 4113 6³23
310 4042 502 4113 Interest.
527 4047 580 4104 eta
601 4061 642 4117 sq.
674 4036 678 4045 '
