2798 4836
269 620 316 690 ita
346 636 389 686 ut‘
416 622 537 689 animus
564 622 654 693 cedat
674 641 707 690 et
728 628 912 695 assentiatur
931 628 981 698 vel
1012 636 1204 706 consentiat:

272 769 383 813 earum
419 744 493 812 aliae
529 765 604 814 sunt
641 749 701 816 ἀπὸ
725 755 783 816 τῶν
810 750 1026 844 ὑπαρχόντων,
1062 781 1080 824 a
1115 759 1210 827 tebias

274 886 358 953 quae
379 884 450 931 vere
472 864 645 942 exsistunt,
671 863 744 932 aliae
762 894 779 933 a
804 869 898 936 rebus
916 894 998 960 qnae
1018 895 1087 940 non
1107 875 1209 941 exsis-

274 996 370 1063 tunt,
404 977 459 1045 sed
483 982 566 1047 vanis
592 996 626 1047 et
654 980 762 1066 fictis,
794 1000 830 1050 ut
859 989 1056 1057 somniorum
1078 989 1208 1059 visiones

270 1126 305 1178 ct
326 1108 464 1192 similes,
488 1131 568 1196 quae
590 1104 745 1178 dicuntur
766 1108 914 1199 ἐμφάσεις.

314 1233 415 1300 Porro
449 1233 612 1323 φαντασίαν
640 1247 717 1299 sunt
737 1232 785 1300 vel
804 1233 940 1323 λογικαί,
975 1239 1209 1326 quassantia
1296 1248 1299 1254 “

272 1359 486 1426 animantibus
507 1359 627 1431 ratione
648 1355 817 1448 praeditis,
840 1359 889 1427 vel
915 1359 1044 1450 ἄλογοι,
1071 1364 1209 1453 quaein

272 1487 398 1553 brutisa
421 1484 488 1551 illae
517 1482 670 1551 dicuntur
692 1487 785 1553 etiam
807 1490 939 1570 νοήσεις,
964 1485 1206 1577 intelligentiae,

270 1601 333 1669 ¹hae
354 1627 421 1668 non
440 1601 593 1693 peculiari
615 1603 744 1669 nomine
766 1603 989 1688 insigniuntur.

315 1720 430 1786 Omnis
461 1734 566 1786 nostra
603 1718 739 1803 cogni&
757 1717 986 1808 sproficiscitur
1005 1741 1045 1785 ex
1065 1719 1207 1787 sensibus

271 1837 439 1929 corporis,
468 1856 572 1924 neque
599 1831 697 1901 ullam
715 1836 784 1920 ejus
809 1850 933 1927 partem
957 1851 1119 1902 nascentes
1142 1858 1206 1903 uo-

270 1954 395 2021 biscum
418 1949 594 2031 afferimus,
617 1947 706 2039 qood
727 1950 976 2039 Pythagorae
995 1967 1028 2019 et
1046 1951 1208 2018 Platoni
1225 1986 1228 2043 j

270 2066 448 2138 videbatur.
493 2066 600 2133 Potius
626 2065 867 2163 Aristotelis
886 2058 1073 2133 sententiam
1089 2088 1206 2156 seque-

271 2188 391 2254 bantur
435 2183 565 2266 Stoici,
613 2184 750 2249 animam
781 2183 817 2248 in
853 2180 957 2250 lucem
994 2181 1206 2272 prodeuntem

188 2383 192 2389 p
272 2326 336 2371 esse
361 2300 457 2376 veluti
478 2298 617 2366 tabulam
638 2321 762 2382 rasam,
784 2295 907 2391 nudam
926 2300 969 2366 ab
989 2301 1078 2367 omni
1098 2322 1205 2365 rerum

272 2419 455 2518 cogitatione
478 2439 510 2490 et
534 2423 666 2509 imagine
689 2445 743 2488 seu
767 2421 937 2511 φαντασίᾳ,
962 2422 1052 2514 quod
1073 2419 1205 2512 quidem

270 2705 340 2758 bolis
363 2702 508 2773 depositis,
535 2700 687 2762 declarato,
716 2696 749 2750 ad
774 2695 893 2764 quemvis
911 2696 1009 2750 exinde
1032 2712 1203 2767 consensum,

260 2776 351 2869 *atque
368 2797 503 2868 speciatim
521 2813 537 2850 a
555 2793 648 2848 Stoicis
665 2792 699 2850 ad
716 2807 873 2850 consensum
891 2793 924 2846 ab
942 2793 1029 2851 animo
1045 2794 1205 2863 primissnis

270 2895 389 2950 motibus
413 2892 579 2962 praebitum,
607 2889 763 2944 translatum
791 2895 848 2949 est;
876 2904 937 2942 cum
955 2897 1043 2943 autem
1060 2890 1206 2945 consentiat
1237 2962 1241 2967 ⁴

271 3008 325 3047 non
342 2998 447 3044 tantum
465 2987 506 3053 is,
534 2985 580 3055 qni
597 2986 673 3054 plene
690 2991 716 3037 et
734 3000 764 3036 er
781 2983 942 3050 deliberato,
961 3001 1051 3040 verum
1069 2986 1147 3039 etiam
1165 2986 1203 3050 is,

271 3088 318 3158 qui
335 3087 425 3141 minus
441 3087 517 3154 plene
534 3090 560 3138 et
576 3081 662 3137 rictus
679 3079 826 3145 consentit,
852 3081 996 3148 generatim
1014 3089 1154 3149 utrumque
1172 3082 1205 3133 il-

212 3247 217 3255 ,
271 3191 334 3253 lud;
362 3186 499 3256 speciatim
521 3202 580 3240 vcro
598 3185 672 3255 prius
689 3203 736 3255 per
752 3185 941 3258 συγκατάθεσιν
960 3203 975 3239 a
992 3187 1085 3240 Stoicis
1102 3187 1206 3256 signifi-

271 3295 356 3340 catur.
380 3283 545 3347 Buddeus,
571 3284 603 3335 de
620 3287 675 3338 Era.
695 3288 749 3348 St,
768 3283 834 3338 diss.
851 3288 895 3348 lv,
919 3285 938 3351 ᾗ
955 3287 982 3346 3,
1000 3291 1089 3336 censet
1106 3283 1205 3337 Stoicos

271 3383 302 3436 in
319 3399 370 3436 usu
387 3378 458 3435 vocis
476 3376 607 3448 opinionis
624 3378 675 3432 sihi
693 3386 887 3445 nonconstare;
906 3378 1115 3441 Antoninum
1127 3379 1206 3434 etiam

273 3496 333 3535 eam
356 3477 434 3530 modo
451 3491 498 3544 pro
525 3475 638 3542 affectu,
664 3477 742 3529 modo
759 3492 807 3545 pro
824 3491 919 3530 caussa
936 3491 1057 3543 sumerc;
1076 3475 1208 3531 interdum

274 3582 354 3635 etiam
370 3596 418 3650 pro
435 3580 646 3652 συγκαταθέσει,
664 3583 745 3635 altero
763 3580 904 3635 affectuum
922 3582 1015 3650 gradu.
1051 3584 1138 3651 Ipsam
1156 3581 1209 3651 igi-

273 3700 318 3744 tur
344 3689 531 3760 mysteriorum
559 3690 578 3755 ὅ
595 3687 613 3738 4
627 3681 779 3759 opinionem
797 3691 890 3748 vocat;
909 3681 972 3736 dicit
989 3681 1060 3735 enim
1077 3681 1105 3734 in
1122 3682 1208 3737 homi-

272 3786 317 3842 nis
348 3793 478 3855 potestate
512 3800 569 3839 esse
601 3778 752 3850 opinionem
780 3778 873 3847 ejicere
906 3786 932 3833 ct
957 3777 1064 3847 penitus
1090 3781 1206 3835 evellere.

269 3891 459 3965 Σνγνατάθεσις
484 3900 539 3946 tam
561 3904 610 3957 pro
636 3884 748 3956 γνώσει,
779 3901 859 3954 quam
884 3903 932 3956 pro
950 3880 1014 3965 δοξῇ
1037 3894 1062 3942 et
1079 3882 1207 3956 ὑπολήψει

268 3997 422 4061 usurpatur.
948 3986 951 3991 ’
