2798 4836
651 405 696 473 43

210 590 289 672 rias,
323 590 412 656 verbi
440 613 562 673 mussa,
600 605 638 656 ut
671 591 841 679 interjectu
873 605 971 659 terrae
993 592 1076 656 iuter
1095 591 1149 658 ln-

210 732 284 774 ncm
305 723 337 773 et
357 706 452 773 solem
471 705 546 773 luna
565 707 773 775 obscuretur:
797 706 868 775 alias
886 706 1038 797 ancipites
1058 724 1090 773 et
1106 706 1149 773 li-

210 826 319 905 beras,
351 822 446 890 veluti
476 847 579 911 quum
609 821 740 891 homor
760 839 870 891 nattuu
890 825 960 911 ipsa
982 826 1150 891 necessario

211 963 243 1006 ae
274 941 342 1032 ipse
371 956 453 1009 umet
483 956 515 1006 et
546 940 789 1009 suaeffelicitati
816 939 962 1021 studeat,
988 945 1151 1008 tamenin

211 1059 279 1145 ejus
317 1072 468 1148 potestate
500 1072 533 1123 et
562 1058 692 1127 arbitrio
725 1058 784 1139 sit,
814 1072 924 1123 utrum
957 1057 1043 1125 hanc
1073 1056 1148 1124 seli-

214 1174 339 1241 citatem
373 1171 436 1240 hoc
466 1171 561 1240 aliove
594 1171 689 1253 modo
719 1176 873 1263 ,consequi
903 1173 985 1242 velit.
1053 1177 1152 1242 Porro

213 1305 299 1359 recte
320 1286 530 1374 distinguebat
553 1289 764 1357 necessitatem
790 1314 911 1359 caussae
932 1317 949 1356 a
974 1294 1152 1360 necessitate

215 1405 365 1485 effectus,
387 1421 424 1470 ut
440 1404 570 1473 effectus
596 1404 726 1493 quidem
748 1429 884 1475 acaussa
907 1404 1020 1477 debeat
1044 1408 1151 1500 proli·

217 1522 312 1604 cisci,
346 1544 412 1587 non
437 1535 568 1604 contra,
597 1537 635 1586 ut
656 1545 705 1586 res
727 1523 828 1593 ontnis
848 1524 941 1591 etiam
973 1548 1075 1590 caussa
1092 1526 1151 1606 sit,

217 1660 256 1703 ex
275 1663 339 1727 qua
359 1633 481 1724 aliquid
502 1635 584 1705 effici
608 1632 738 1720 debeat3
775 1636 871 1703 veluti
893 1662 1015 1707 necesse
1045 1656 1091 1706 est
1117 1656 1153 1727 ut

219 1779 288 1822 cera
322 1755 387 1841 igni
419 1750 543 1819 admota
574 1750 754 1842 liquescat,
780 1777 846 1823 non
867 1777 940 1821 vero
966 1778 1090 1822 necesse
1108 1771 1154 1821 est
1206 1826 1212 1839 ‚

221 1889 257 1937 ut
300 1858 368 1939 cera
399 1870 463 1956 igni
496 1866 709 1934 admoveatur.
766 1866 965 1936 Diodorus
997 1872 1153 1938 Cronus

221 1987 487 2079 Chrysippum
518 1984 666 2061 acerrime
695 1985 928 2073 impugnabat,
959 2009 1064 2075 neque
1085 1988 1153 2073 ejus

222 2103 372 2170 libertatis
394 2100 607 2166 defensionem
631 2100 807 2192 probabat,
838 2116 947 2167 contra
969 2100 1153 2181 affirmabat,

173 2224 176 2231 ’
223 2221 325 2289 omnia
371 2220 411 2284 ab
433 2234 570 2304 “aeterno
600 2239 664 2282 esse
695 2215 862 2282 constituta
896 2231 928 2281 et
957 2218 1152 2299 necesaria,

221 2338 340 2405 etiamsi
372 2334 457 2401 nulla
489 2356 672 2417 caussarum!
700 2332 779 2399 ratio
808 2330 971 2398 habeatur.
1028 2334 1110 2401 Nam
1138 2359 1157 2397 e,

223 2453 382 2547 principio
410 2449 634 2539 repugnantiae
665 2471 759 2514 omne
792 2450 997 2516 enunciatum
1027 2473 1092 2515 esse
1108 2448 1155 2516 vel

224 2595 332 2636 rerum
366 2565 413 2634 rel
444 2565 575 2633 salsum:
610 2566 705 2650 igitur
735 2564 761 2629 si
792 2589 881 2631 nunc
903 2567 974 2655 quis
998 2583 1155 2653 aegrotet,

224 2688 265 2754 de
295 2712 333 2754 eo
364 2708 452 2776 posse
485 2682 569 2765 dici,
600 2705 674 2747 cum
708 2705 746 2748 ex
783 2678 845 2748 hoc
875 2683 989 2749 morbo
1012 2682 1058 2749 vel
1081 2708 1154 2751 mo-

225 2808 361 2872 riturum
386 2825 469 2883 csse,
493 2799 541 2866 vel
562 2814 704 2864 sanctuni
726 2798 775 2862 iri.
828 2796 1029 2869 Alterutrum
1047 2824 1157 2867 verum
1196 2804 1199 2809 “

225 2941 290 3005 est3
326 2923 431 3012 itaque
453 2916 546 2983 nullis
576 2916 668 2979 etiam
689 2910 839 2978 adhibitis
860 2916 969 2981 caussis
990 2915 1052 2982 hoc
1076 2915 1155 3000 fiet,

228 3036 314 3132 quod
350 3036 504 3103 futurum.
543 3085 546 3093 ,
573 3032 642 3096 Hoc
676 3043 722 3094 est
750 3028 914 3119 syllogismi
942 3054 1039 3116 genus
1069 3029 1159 3123 quod

226 3165 371 3249 Ignara
393 3158 521 3238 Ratio,
544 3153 632 3245 ἀγρὸς
657 3152 750 3242 λόγος,
776 3151 961 3245 appellatur.
1020 3157 1065 3221 Ar
1087 3178 1160 3223 vero

228 3277 486 3368 Chrysippus
508 3289 592 3339 recte
613 3270 813 3359 opponebat:
836 3269 863 3334 si
884 3292 1007 3337 neceas
1028 3272 1068 3339 sit
1085 3295 1160 3339 eum

228 3419 338 3462 unum
357 3415 536 3472 evasurum,
567 3389 659 3461 ctiam
680 3387 761 3478 ipsas
783 3407 913 3468 caumas
939 3386 1056 3475 quibus
1076 3412 1157 3454 con-

228 3511 379 3589 valescat,
413 3505 593 3573 necessarias
611 3526 685 3570 esse.
715 3503 856 3568 Cicero
880 3501 942 3590 (¹),
967 3526 1161 3591 quamquam

225 3632 358 3715 jocans,
382 3641 487 3690 tamen
508 3637 651 3689 accurate
678 3619 840 3708 utriusque
851 3617 1006 3705 siguificat
1027 3637 1158 3687 senten·
1244 3702 1247 3715 ¹

228 3840 355 3859 a

267 3957 294 4021 (¹)
314 3961 379 4025 Epp.
399 3957 432 4008 ad
451 3961 540 4010 i'arr.
560 3960 602 4019 lx,
621 3955 647 4007 l.
