2712 4842
554 413 563 419 ”
673 420 740 493 290

239 592 394 684 praelium
436 598 471 664 in
516 595 604 666 bellis
646 600 787 670 civilibus
816 623 926 669 manus
958 600 1018 669 sibi
1048 599 1172 666 intule-

244 727 321 778 runt
335 710 397 803 (¹)

286 826 507 919 Antiquarum
536 831 688 899 insaniam
719 834 838 922 egregie
859 833 909 900 his
930 833 1068 901 versibus
1090 855 1172 925 per·

242 943 369 1015 strinxit
393 948 512 1036 poetria
536 946 673 1017 francica
697 948 877 1018 Halicnia
902 948 988 1036 (Des
1006 947 1174 1018 Houli'e·

242 1083 303 1128 res
326 1057 393 1149 (Ἲς

275 1263 314 1314 En
331 1261 463 1329 grandcur
480 1261 513 1315 dc
530 1276 645 1330 contage
662 1278 697 1315 on
714 1277 747 1315 ne
765 1277 794 1315 se
811 1264 917 1316 connctt
935 1264 1030 1330 gnaras

278 1357 371 1421 Quand
388 1372 423 1410 cn
440 1359 510 1412 cleve
527 1374 562 1411 au
579 1364 651 1425 tang
663 1359 710 1412 des
727 1358 846 1412 hommes
864 1360 993 1426 generent

277 1454 326 1506 Ges
343 1455 422 1507 Grccs
439 1462 466 1506 at
482 1469 526 1507 cas
543 1454 687 1519 Romains,
707 1455 771 1508 dont
787 1456 814 1508 la
830 1462 899 1507 mort
916 1453 1059 1510 valantaire

279 1551 302 1602 A
320 1549 404 1602 :endu
421 1551 460 1602 les
478 1565 555 1603 ncms
573 1550 596 1603 si
613 1551 729 1603 fameux.

279 1643 374 1709 Qu'cnt
392 1644 425 1697 ils
441 1643 492 1698 fait
510 1645 542 1698 da
560 1645 584 1697 si
602 1645 708 1712 grand?
725 1645 761 1698 lls
779 1645 904 1699 scrtcient
922 1645 954 1698 de
972 1645 997 1697 la
1014 1642 1077 1708 vie,

280 1745 397 1810 Lorsqua
414 1741 447 1795 de
465 1741 599 1810 disgraccs
616 1740 700 1795 suirie

281 1838 336 1891 nlla
353 1836 451 1891 n’avoit
467 1838 529 1905 plus
546 1836 603 1889 rien
621 1836 768 1904 d’agrcable
785 1853 852 1906 pour
871 1853 930 1891 eux.

275 1937 332 1988 'Par
348 1949 401 1987 una
418 1933 491 1986 seule
508 1940 577 1986 mort
594 1933 627 1984 ils
644 1932 700 1986 s'en
717 1933 888 2001 epargncient
904 1931 986 1986 mille.

285 2029 383 2096 Qu'clle
401 2038 441 2082 est
459 2029 542 2082 denec
558 2031 573 2082 a
591 2028 638 2081 des
655 2044 749 2082 coeurs
766 2030 849 2083 lassas
867 2029 899 2080 dc
917 2026 1046 2096 sonpircrt

286 2126 444 2195 uenatus
463 2126 566 2192 grand,
585 2125 646 2192 plus
664 2122 768 2178 difficile

286 2227 324 2277 Dc
342 2221 447 2276 scuffrir
462 2222 488 2274 lc
504 2221 639 2285 melnen,
658 2237 709 2289 que
727 2221 759 2273 da
777 2220 832 2273 s’cn
850 2219 969 2274 dclivrcr.

298 2375 411 2466 Quum
445 2390 549 2441 autem
580 2394 640 2441 nec
674 2371 755 2439 fines
778 2396 840 2441 nec
862 2374 1062 2465 propositum
1086 2371 1183 2462 hujus

214 2522 218 2531 ¹
257 2489 479 2581 disquisitionis
501 2487 543 2555 de
564 2490 671 2557 ceteris
689 2488 886 2582 philosophis
908 2488 1088 2575 singulatim
1098 2512 1187 2577 agere

256 2608 336 2674 mihi
357 2604 555 2691 concedant,
578 2629 688 2673 eornm
707 2607 874 2672 sententias
898 2605 962 2674 hoc
980 2607 1082 2696 capite
1103 2606 1186 2675 levi-

258 2741 306 2791 ter
338 2741 462 2790 tantum
489 2721 709 2815 perlustrabo,
741 2746 778 2790 eo
816 2721 949 2813 quidem
969 2724 1133 2814 proposito
1152 2739 1191 2789 ut

261 2857 429 2933 appareat,
461 2855 557 2906 totam
592 2837 817 2915 dissensionem
854 2837 894 2905 de
918 2837 1121 2906 concedenda
1143 2839 1192 2907 vel

259 2957 435 3027 coercenda
468 2975 568 3026 morte
597 2957 771 3029 voluntaria
800 2958 883 3024 inter
904 2959 1088 3051 praecipuos
1109 2957 1192 3051 phi-

262 3076 429 3170 losophos,
452 3098 489 3142 eo
510 3072 632 3158 redire,
660 3091 698 3141 ut
721 3099 782 3166 pro
802 3072 965 3142 doctrinae
983 3098 1054 3153 suae
1074 3072 1195 3163 placitis

259 3195 358 3281 justas
389 3215 407 3258 e
431 3188 684 3260 vitareecdendi
711 3215 829 3258 caussas
852 3189 902 3259 vel
925 3192 1039 3258 arctius
1058 3191 1196 3257 restrin-

265 3323 374 3395 gerent
409 3303 458 3372 vel
480 3305 571 3371 latins
596 3306 776 3396 proferrent
798 3304 862 3397 (³),
883 3322 980 3397 atque
1002 3330 1111 3374 omnes
1132 3307 1198 3372 fere

255 3456 389 3471 sva—an·-

302 3534 330 3601 (¹)
350 3535 389 3588 Cf.
409 3532 595 3597 volcatius,
620 3536 687 3600 Opp.
706 3548 777 3589 omn.
797 3537 872 3589 Tem.
891 3538 934 3601 Ν,
953 3549 976 3589 c.
996 3536 1040 3600 13,
1057 3550 1085 3604 p.
1106 3536 1141 3586 90
1158 3548 1200 3600 sq.

266 3631 307 3686 cd.
335 3632 412 3685 1764.
450 3631 478 3695 (ἵ)
502 3630 567 3682 Rcss.
587 3627 640 3682 div.
660 3633 735 3682 Tem.
754 3634 775 3694 1,
795 3633 831 3684 St.
850 3635 882 3696 X,
901 3647 928 3699 p.
947 3633 991 3696 87,
1011 3629 1199 3684 cd.d'Amst.

265 3729 342 3780 1709.
362 3727 402 3781 Cf.
421 3723 516 3778 similis
533 3723 663 3777 sententia
679 3724 812 3778 francicae
829 3724 893 3778 item
904 3725 1019 3779 feminae
1029 3730 1071 3778 Le
1082 3725 1200 3778 Prince

268 3822 305 3874 de
323 3826 514 3886 neaumonr,
532 3821 613 3874 Educ.
633 3822 727 3889 compl.
753 3825 827 3876 Tem.
846 3827 867 3885 1,
885 3838 913 3891 p.
932 3824 992 3887 123,
1011 3821 1112 3889 Lugd.
1130 3825 1199 3874 Bat.

267 3919 345 3973 1758.
383 3918 410 3983 (θ)
440 3917 487 3971 Gff.
514 3916 669 3980 Grotius,
693 3920 757 3969 Acta
786 3920 879 3985 Apost.
909 3933 933 3973 c.
963 3919 1006 3983 16,
1036 3932 1131 3973 comm.
1154 3906 1198 3983 27,

267 4014 420 4068 Pniicnd.
440 4014 473 4065 dc
491 4016 515 4066 J.
533 4017 565 4066 N.
585 4020 610 4064 ct
627 4016 659 4069 G.
679 4016 711 4076 11,
729 4028 753 4067 c.
771 4014 898 4080 ΜΗ).
