2756 4830
614 436 678 505 295

175 618 310 687 maximo
339 604 397 684 liae
426 615 574 691 seruntur
597 618 666 709 (Ἲς
731 615 842 685 Mortis
873 612 1003 707 quidem
1037 617 1107 706 ipso

177 735 236 803 tibi
269 759 374 804 caussa
404 758 470 805 non
502 733 569 803 fias.
613 733 648 802 si
669 733 740 824 quis
761 748 864 800 autem
884 731 951 800 vult
973 748 1003 798 te
1024 754 1099 800 cor-

173 874 252 942 pore
273 874 407 935 exuere,
439 874 480 919 ne
500 849 682 939 indigneris.
729 849 909 943 Sapientem
927 850 953 916 si
977 850 1048 940 quis
1059 848 1101 917 de

172 991 305 1062 corpore
336 964 484 1035 extrudat
516 968 653 1056 injuste,
685 967 852 1057 iniquitate
890 987 942 1032 sua
973 963 1102 1051 benefi-

171 1087 258 1151 cium
279 1085 310 1150 ei
333 1100 490 1176 praestat3
516 1082 687 1171 absolvitur
707 1084 792 1151 cuim
812 1097 962 1171 tanquam
985 1105 1003 1147 e
1026 1081 1101 1149 rin-

172 1198 260 1267 culis.
304 1200 474 1267 Hominem
503 1215 606 1267 metus
637 1200 744 1267 mortis
766 1198 927 1266 contristat
951 1222 1012 1286 pro
1035 1198 1101 1264 im-
1124 1288 1138 1297 ρ

171 1315 282 1407 peritia
314 1306 443 1384 animae.
487 1317 596 1407 Quem
624 1318 708 1383 Deus
735 1340 801 1384 non
831 1314 945 1381 emittit
976 1338 995 1380 e
1023 1337 1098 1382 cor-

170 1455 273 1523 pore,
295 1456 337 1500 nc
357 1434 490 1521 graviter
509 1431 599 1500 serat.

542 1655 721 1707 tctotmcr.

214 1810 412 1897 Socrates,
433 1830 589 1903 quatenus
610 1813 761 1879 sententia
773 1814 840 1900 ejus
853 1810 893 1877 de
905 1828 1006 1878 morte
1017 1834 1097 1878 con-

171 1927 341 1995 temnenda
364 1946 396 1995 et
424 1931 501 1997 ritae
528 1928 733 2023 praeferenda
756 1930 884 1995 miserae
913 1952 931 1995 e
964 1929 1099 1996 Xeno·

170 2044 338 2137 phontis
361 2043 403 2134 (²)
424 2060 455 2111 et
473 2045 657 2114 Platonis
678 2045 719 2135 (³)
740 2043 1098 2136 scriptiscolligipossit,

170 2161 359 2247 argumentis
372 2162 433 2227 suis
447 2164 564 2252 partim
577 2188 594 2229 e
607 2162 711 2230 divina
726 2160 922 2255 providentia
934 2162 1049 2253 partim
1061 2184 1100 2227 ex

168 2292 279 2342 natura
293 2276 429 2344 humana
442 2276 559 2357 ductis,
574 2295 707 2346 mortem
721 2276 924 2347 voluntariam
934 2279 1101 2368 impugnat

168 2388 291 2458 duabus
307 2393 501 2478 rationibus,
519 2419 654 2486 quarum
671 2394 764 2462 altera
778 2394 973 2478 intricatior,
990 2390 1098 2461 homi-

172 2532 228 2573 nes
246 2509 280 2573 in
301 2533 453 2599 corpore,
475 2510 559 2579 velut
579 2535 723 2595 carcere,
746 2510 879 2577 inclusos
904 2532 984 2593 esse,
1006 2507 1101 2575 altera

169 2622 209 2690 ad
233 2623 389 2712 vulgarem
417 2627 585 2694 hominum
603 2641 732 2720 captum
754 2626 849 2713 magis
874 2623 1096 2693 accommoda-

167 2756 219 2826 ta,
243 2740 385 2810 homines
421 2742 521 2811 divini
553 2745 692 2810 numinis
713 2767 776 2810 csse
797 2743 954 2811 ministros
975 2759 1008 2810 et
1027 2766 1096 2811 ser-

165 2881 239 2942 vm,
271 2885 289 2925 a
323 2883 390 2950 quo
418 2860 589 2928 ministerio
621 2883 688 2927 non
708 2861 808 2950 {prius
830 2857 989 2927 discedere
1006 2858 1098 2926 liceat

163 2977 329 3064 quamubi
348 2978 431 3043 Deus
459 2978 671 3044 necessitatem
690 2976 826 3066 aliquam
843 2979 1027 3068 imposuerit
1037 2977 1092 3068 (⁴);

162 3089 204 3158 dc
240 3117 303 3182 qua
325 3093 506 3162 Socratis
532 3095 684 3160 sententia
704 3091 863 3160 audiamus
885 3093 1093 3185 Olympio-

164 3219 304 3292 dorum
325 3223 388 3312 (Ἲς
436 3223 539 3289 Εἰπὼν
565 3223 581 3288 ὁ
606 3222 776 3311 Σωκράτης,
802 3223 844 3285 ὅτι
870 3219 896 3284 εἰ
921 3217 1095 3310 φιλοσοφεῖὸ

200 3453 230 3519 (¹)
250 3454 306 3509 Th.
325 3455 463 3518 Galeus,
482 3470 508 3524 p.
528 3454 588 3507 ott.
625 3451 653 3519 (¹)
672 3453 748 3522 Apol.
767 3454 852 3505 socr.
871 3450 899 3502 in
918 3449 1012 3519 primis
1032 3452 1094 3518 δῦ.

162 3547 191 3614 (³)
219 3550 296 3618 Apol.
325 3554 413 3605 Socr.
443 3566 471 3618 p.
498 3553 550 3604 368
579 3554 600 3601 F
624 3549 666 3603 ed.
690 3547 754 3602 Fic.
776 3548 816 3603 Cf.
837 3546 925 3600 Stob.
952 3548 1021 3599 Flor.
1040 3544 1094 3600 Tit.

160 3647 222 3708 120,
255 3647 299 3700 29.
335 3647 364 3714 (ὅ)
390 3648 475 3703 Plat.
504 3646 532 3698 in
555 3646 674 3700 Phacd.
700 3661 728 3713 p.
751 3647 802 3699 377
818 3649 850 3710 D,
869 3648 899 3699 Ε.
923 3642 971 3698 eff.
986 3648 1095 3697 Moses

160 3742 310 3796 Mendeli
325 3742 413 3809 filius,
435 3741 576 3813 inprimis
597 3742 660 3797 coll.
679 3745 701 3807 1,
719 3758 747 3811 p.
768 3743 803 3794 16
824 3755 902 3809 sqq„
922 3737 1093 3804 Mahnius,

160 3841 193 3891 D.
218 3841 316 3905 Wytt.
337 3838 454 3908 quinque
471 3840 547 3906 lect,
575 3843 607 3905 V,
631 3856 658 3908 p.
676 3841 711 3893 78
730 3854 786 3905 sq„
809 3835 1025 3903 Sttiudliuus,
1049 3851 1094 3905 op.

159 3930 179 3986 l.
206 3948 234 4000 p.
260 3934 294 3986 26
323 3951 381 4004 sqq.
418 3934 446 4003 (⁴)
465 3940 494 3990 lu
529 3934 616 3993 schol.
645 3934 679 3988 cd
705 3935 787 3990 Plat.
817 3933 935 3989 Phucd.
957 3932 1020 3988 oud.
1040 3937 1093 3989 Mt.

162 4029 257 4082 Voss.
277 4046 304 4098 p.
324 4034 350 4085 1.
