2798 4836
713 431 733 494 6

256 638 329 680 cum
364 633 444 688 ovo,
487 613 580 696 cujus
600 630 728 679 euterna
751 631 825 680 testa
848 619 887 680 sit
918 612 1116 693 dialectice,'
1137 610 1189 676 al-

254 735 375 797 bumen
410 725 562 817 physice,
607 728 726 795 vitellus
759 754 815 795 seu
843 711 950 795 semen
989 727 1069 819 pulli
1104 726 1193 791 ethi-

256 869 301 912 ce.
337 843 533 927 Diogenes
566 846 754 915 Laertius
794 848 827 911 in
863 846 911 911 his
944 818 1195 935 'comparationi-

256 964 318 1027 bus
350 959 461 1026 vitium
494 984 510 1023 a
544 957 675 1025 librariis
710 954 879 1053 suscepit,;
922 958 1074 1052 physicen
1113 960 1200 1024 enim

259 1091 351 1144 vocat
379 1076 515 1140 animam
544 1074 591 1142 vel
612 1079 662 1144 ovi
687 1078 818 1162 intima,
858 1076 985 1144 ethicen
1021 1098 1128 1143 cernes
1151 1071 1220 1141 vel·

263 1194 313 1261 ovi
336 1189 494 1257 albumen.
887 1196 889 1199 ’

307 1305 527 1395 Philosophiae
569 1305 642 1372 finis
690 1310 725 1374 iis
760 1326 826 1375 erat
861 1311 1032 1401 sapientia,
1081 1332 1202 1374 summa

266 1424 393 1493 scicntia
429 1420 547 1488 harum
577 1447 709 1506 rerum,
757 1419 834 1513 quas
867 1427 923 1516 qui
956 1414 1090 1515 adeptus
1125 1441 1204 1489 esset

263 1564 440 1630 numquam
461 1555 578 1605 erraret
599 1540 649 1607 vel
670 1539 852 1625 laberetur,
874 1541 962 1609 nullo
975 1564 1118 1631 unquam
1132 1561 1203 1606 casu

268 1657 534 1745 perturbaretur,
571 1661 690 1723 summa
725 1656 870 1726 felicitate
905 1660 1075 1724 frueretur.
1134 1659 1205 1723 Jam

270 1774 433 1854 officium,
468 1795 522 1838 seu
544 1773 622 1838 ratio
643 1789 675 1838 et
697 1775 767 1858 via,
792 1800 854 1864 qua
877 1799 1023 1866 quaeque
1044 1799 1082 1840 ex
1105 1775 1206 1839 tribus

211 1956 217 1981 ,
271 1891 321 1956 his
358 1890 500 1979 partibus
522 1886 562 1953 ad
584 1887 674 1955 illum
697 1914 753 1956 nos
775 1890 875 1958 finem
897 1890 1049 1975 adducit,
1072 1892 1204 1957 univer-

271 2031 302 2072 se
326 2031 364 2071 ex
386 2007 588 2072 Cicerone
616 2005 880 2091 cognoscendum.

316 2125 466 2191 Ceterum
499 2119 539 2186 de
570 2119 682 2187 ordine
717 2125 815 2189 trium
835 2123 959 2189 illarum
981 2125 1120 2214 partium
1143 2144 1209 2190 non

272 2240 530 2321 consentiebant3
568 2239 652 2304 inter
686 2239 837 2327 plurimos
870 2256 973 2305 tamen
997 2255 1206 2323 convenerat,

271 2362 415 2451 prunum
436 2352 641 2434 dialecticen,
679 2353 795 2451 deinde
818 2354 987 2449 physicen,
1022 2373 1091 2422 tum
1122 2355 1209 2422 ethi-

275 2499 333 2541 cen
374 2466 564 2537 discendam·
600 2492 672 2536 esse.
735 2466 887 2539 'Cicero
936 2489 985 2558 et,
1016 2473 1211 2563 Chrysip-

273 2612 349 2683 pus
381 2602 487 2675 partes
507 2602 635 2676 ponunt
655 2610 721 2652 non
741 2587 776 2651 in
819 2586 933 2655 ordine
961 2587 1124 2670 discendi,
1158 2586 1214 2654 sed

276 2708 312 2770 in
339 2700 452 2770 ordine
483 2718 630 2783 naturae,
665 2704 806 2792 primurn
838 2704 1012 2796 physicen,
1026 2722 1106 2770 turn
1125 2704 1214 2771 ethi·
1256 2734 1259 2737 ·

277 2843 358 2900 cen,
399 2815 540 2908 denique
574 2814 787 2904 dialecticen3
828 2821 1101 2914 Chrysippum
1128 2821 1218 2888 hunc

279 2932 426 3003 ordinem
459 2933 651 3000 constituisse
683 2958 751 3000 non
782 2954 913 3028 apparet
947 2963 987 3005 ex
1017 2938 1087 3005 loco
1119 2938 1217 3004 Plu·

280 3050 431 3120 tarchi
467 3049 530 3138 (ἧς
567 3074 663 3133 uam,
715 3055 836 3118 tametsi
869 3078 996 3121 omnem
1041 3053 1219 3121 doctrinam

281 3167 431 3235 moralem
463 3190 503 3231 ex
540 3164 611 3232 loco
647 3164 688 3230 de
721 3170 788 3235 Deo
821 3167 1029 3259 repetendam
1055 3193 1118 3234 esse
1152 3187 1220 3234 sta-

285 3301 417 3365 tueret,
471 3280 574 3347 nihilo
618 3285 717 3348 secius
759 3301 863 3349 tamen
903 3285 1068 3376 physicam
1099 3303 1223 3375 partem

284 3401 395 3469 morali
425 3400 626 3490 postposuit,
661 3401 703 3464 ita
735 3418 771 3465 ut
805 3399 982 3468 dialecticae
1007 3402 1148 3490 primurn
1168 3402 1220 3468 lo-

287 3544 362 3587 cunt
386 3518 550 3583 tribueret.
598 3514 652 3582 Ad
675 3517 857 3609 exemplum
875 3519 1125 3611 Chrysippi
1150 3522 1223 3586 Di-

288 3658 447 3724 ogencs
481 3632 756 3724 Babylonius
788 3637 914 3704 ethicen
947 3641 1121 3705 accuratius
1161 3639 1223 3706 dc-

287 3811 417 3829 ——n

327 3890 355 3957 (¹)
375 3895 413 3943 De
435 3895 502 3960 Rep.
528 3893 566 3944 Sl.
595 3906 622 3958 p.
649 3893 716 3944 tout
741 3894 773 3955 A,
803 3894 833 3946 B.
853 3893 892 3948 Cf.
912 3898 1054 3963 Bagou,
1079 3911 1175 3949 comm.
1192 3893 1226 3946 dc

298 3985 493 4058 Chrysippo,
512 4002 540 4055 p.
558 3986 604 4040 st.
1099 4008 1103 4013 ·
