2798 4836
667 441 692 504 9

217 638 293 690 cunt
307 625 437 691 comnia
473 626 623 718 aliaque,
646 646 726 718 quae
740 622 854 713 evulgo
876 625 1069 716 φαντάσματα
1096 618 1154 687 di·

219 756 347 819 cuntur.
360 740 378 777 ¹*
391 738 626 841 Jsm'pauaata
662 749 875 816 definlebatnr
912 772 929 814 a
961 745 1153 815 Cleanthe

218 889 252 939 et
282 872 509 962 antiquioribus
531 876 643 943 Stoicis
660 875 810 960 τύπωσις,
836 872 995 956 formatio,
1017 896 1149 966 expres-

216 994 294 1078 sio,
351 996 382 1060 ἔν
421 972 461 1087 τῇ
503 998 613 1088 ψυχῇ,
639 1016 675 1067 ut
706 1001 852 1068 Cicero
874 1001 967 1065 vertit
987 1000 1150 1092 impressio

216 1113 253 1176 in
293 1110 421 1197 animo,
450 1108 671 1182 ‘similitudine
703 1115 799 1185 ducta
837 1143 855 1183 a
890 1116 1022 1203 sigilio,
1058 1119 1148 1205 cujus

212 1228 315 1314 imago
366 1242 453 1297 cerae
489 1233 693 1322 imprimitur.
762 1234 1019 1325 Chrysippus
1063 1234 1147 1303 hanc

210 1351 340 1418 τύπωσιν
362 1338 489 1441 rejecit3
527 1381 601 1423 nam
630 1362 731 1448 quum
750 1360 851 1425 anima
870 1361 989 1450 saepius
1006 1359 1146 1452 plurium

212 1485 246 1534 et
270 1469 439 1536 muitarum
468 1471 547 1540 adeo
571 1497 677 1542 rerum
699 1477 898 1561 cogitationes
908 1476 1053 1557 haberet,
1075 1481 1144 1565 aje-

211 1587 267 1652 bat
298 1585 368 1652 fieri
402 1610 467 1654 non
504 1614 618 1681 posse,
652 1608 688 1657 ut
723 1617 788 1658 uno
808 1591 983 1685 codemque
1007 1611 1145 1683 tempora

209 1711 316 1802 piures
334 1713 425 1781 simul
447 1713 549 1788 τύπους
570 1737 625 1780 scu
638 1713 759 1801 'figuras
780 1714 929 1799 haberet,
962 1741 1060 1806 quare
1080 1716 1141 1784 de-

209 1841 317 1910 finivit
347 1867 417 1909 eam
445 1841 601 1932 ἓτέφσίωσιι
626 1841 656 1906 ἐν
682 1851 719 1929 τῇ
743 1841 826 1929 ψυχῇ
840 1893 849 1923 ,
880 1847 1086 1913 mutationem
1108 1850 1142 1913 in

208 1976 338 2043 mente,
373 1983 515 2050 quocum
551 1959 645 2055 etiam
680 1959 835 2024 consentit
865 1957 1009 2028 definitio
1039 1963 1142 2031 Stoica

208 2085 295 2179 apud
319 2084 579 2153 Plutarchum
599 2083 659 2173 (¹),
684 2107 752 2151 eam
780 2106 843 2148 essa
861 2083 950 2158 παθσς
963 2094 1013 2160 τῆς
1029 2087 1137 2174 ψυχῆς,

206 2206 377 2294 passionem
416 2201 545 2281 animi,
596 2224 662 2265 non
704 2201 996 2287 perturbationem,
1039 2230 1139 2296 quum

204 2319 326 2384 animus
345 2316 452 2409 aliquo
471 2314 567 2383 modo
592 2316 744 2383 afficiatur
764 2340 801 2383 ac
820 2318 965 2404 patiatur.

246 2445 317 2511 Jam
337 2442 489 2533 φαντασίαι
515 2457 589 2505 sunt
608 2438 657 2507 vel
677 2438 853 2524 αἰσθητικαί,
875 2465 1054 2535 persensus
1078 2474 1135 2517 ac-

204 2581 334 2657 ceptae,
364 2564 412 2631 vel
442 2564 495 2658 σιίκ4
517 2563 708 2650 αἰσθητικαί,
747 2589 827 2654 quae
857 2568 962 2634 animo
983 2586 1015 2635 et
1037 2572 1134 2639 ratio-

202 2707 244 2749 ne
271 2698 515 2772 comparantur,
552 2679 647 2747 vcluti
672 2704 778 2749 rerum
803 2682 1059 2774 incorporearum
1083 2705 1134 2754 ta-

202 2798 305 2884 lium,
338 2823 415 2890 quas
448 2823 505 2866 noc
533 2790 675 2866 vocamus
692 2798 876 2864 universales
906 2816 937 2866 et
958 2803 1134 2872 abstractas.

202 2922 373 3013 Αἶσθητιιιαὶ
399 2921 484 2988 iiunt
509 2922 584 3013 μετὰ
610 2919 704 2998 εἴξεως
731 2920 779 2985 καὶ
806 2925 1037 3011 συγκαταθέσεως
1067 2927 1129 3017 (²),

197 3113 325 3128 m

234 3199 262 3266 (¹)
280 3204 317 3252 De
343 3201 411 3254 Plao.
439 3170 506 3253 Phil.
534 3203 576 3261 lv,
601 3198 643 3263 tt,
672 3217 699 3268 p.
722 3204 774 3255 uto
791 3208 823 3258 l).
860 3201 888 3265 (²)
909 3201 998 3265 „Visa
1015 3202 1096 3255 animi
1106 3204 1131 3267 ‚''

199 3306 286 3376 inquit
302 3306 451 3371 Gallius,
477 3314 510 3362 N.
528 3313 560 3363 Α.
579 3313 645 3373 XIX,
664 3313 690 3372 1,
711 3350 729 3374 „
741 3325 807 3376 quae
824 3307 968 3379 φαντασίας
984 3310 1133 3380 philosophi

198 3406 349 3474 appellant,
374 3404 472 3472 quihus
499 3421 574 3458 meus
599 3404 713 3457 hominis
739 3405 823 3477 prima
845 3406 937 3459 statim
960 3406 1047 3475 spacia
1064 3408 1132 3477 acei-

199 3501 285 3569 dentis
312 3501 346 3557 ad
372 3499 491 3559 animum
517 3499 558 3553 rei
572 3499 695 3567 pellitur,
719 3516 773 3553 uon
790 3501 932 3555 voluntatis
949 3510 1027 3567 sunt,
1046 3519 1132 3570 nequo

197 3597 350 3661 arbitraria;
379 3597 426 3649 scd
451 3596 477 3649 vi
504 3596 619 3664 quadam
636 3612 685 3649 sua
702 3577 820 3651 inierunt
836 3613 894 3650 sese
911 3596 1063 3651 homimltus
1081 3615 1129 3671 uo-

196 3708 324 3771 soitauda.
373 3705 543 3763 Probatioucs
569 3712 679 3769 autem,
704 3720 770 3772 quas
797 3701 996 3774 συγκαταθέσεις
1020 3715 1155 3770 vocant,7

195 3804 294 3874 quibus
316 3804 414 3869 eadem,
432 3802 490 3857 visa
504 3780 657 3857 'noscuntur
683 3816 713 3853 ac
739 3798 937 3868 dijudicantur,
970 3801 1130 3855 voluntarias

194 3919 277 3974 sunt,
295 3905 573 3979 liuntqua.,ltcmiuum'
586 3909 753 3979 arbitratul'p
774 3906 1009 3977 Σαφαατατίθισθαι
1031 3925 1127 3962 acon·

196 4024 292 4073 sensu,
319 4007 427 4061 calculis
452 4023 504 4063 una
522 4007 549 4061 in
569 4023 661 4061 urnam
678 4007 718 4062 rcl
736 4005 794 4060 aliis
812 4006 879 4058 sorte
897 4020 1039 4059 consensus
1056 4021 1130 4074 sym·
