2712 4842
611 435 676 505 279

166 621 208 687 ita
246 644 377 710 quoque
403 619 465 687 boc
491 621 652 689 Catonis
671 620 793 687 facinus
813 618 946 686 maxime
968 590 1097 710 vitupe-x

164 736 302 804 randum
322 761 386 804 esse
409 736 520 805 duxit:
548 739 660 805 tribuit
678 738 765 804 enim
783 735 863 803 illud
878 736 961 802 tristi
974 752 1098 804 tanturn

163 872 195 920 et
224 879 320 923 vanae
343 854 500 920 Catonis
522 855 684 946 opinioni,
708 878 772 943 que
798 853 932 920 Romam
954 854 1094 944 partium

161 968 266 1037 studio
286 973 355 1058 jam
378 968 559 1037 distractam
580 972 615 1037 in
636 970 810 1059 perniciem
839 992 931 1036 ruere
965 971 1097 1037 arbitra-

161 1089 278 1170 batur,
305 1088 443 1152 sinnius
464 1085 671 1154 dominationi
694 1088 926 1174 subjiceretur3
945 1086 1006 1152 sibi
1025 1111 1099 1154 vero

161 1205 222 1295 ipsi
247 1219 340 1294 turpe
361 1201 428 1269 fore
449 1204 667 1287 existimabat,
691 1201 851 1290 dignitatis
865 1217 987 1293 partem
998 1204 1098 1268 arnit-

163 1337 228 1386 tere
265 1344 328 1408 qua
344 1317 469 1386 adhue
501 1318 674 1406 gaudebat:
717 1335 822 1387 censet
857 1318 952 1404 igitur
977 1319 1096 1384 Cato·

163 1459 269 1519 nem,
311 1459 413 1525 quum
435 1437 466 1503 vi
488 1452 520 1501 et
539 1436 715 1502 austeritate
739 1433 958 1526 philosophiae
978 1433 1099 1501 Stoicae

165 1579 262 1646 quam
293 1553 414 1621 colebat
445 1553 530 1621 bane
565 1555 748 1642 opinionem
770 1555 896 1622 vincere
921 1551 1101 1637 debuisset,
1174 1564 1176 1568 '

164 1673 230 1762 ipsa
260 1670 406 1759 suiipsius
437 1693 515 1738 nece
547 1670 692 1761 probasse
726 1692 758 1735 se
792 1671 831 1735 ab
864 1667 924 1736 hac
948 1669 1099 1758 opinione

163 1802 347 1877 superatum
368 1785 472 1852 fuisse.

210 1903 406 1989 Dumasius
442 1903 617 1994 inprimis
647 1902 808 1987 improbat
843 1903 996 1968 rationem
1032 1926 1097 1993 qua
1151 1886 1156 1893 ⁴

165 2022 260 2089 Cato
293 2046 309 2085 a
340 2043 428 2087 servo
459 2018 596 2106 gladium
629 2043 721 2085 suum
754 2019 847 2108 petiit
873 2018 935 2109 ()=
1004 2021 1096 2102 „Un

166 2135 266 2227 pared
293 2151 525 2225 emportemeut
543 2160 585 2201 ne
604 2159 736 2224 marque
758 2135 983 2201 certainement
1004 2135 1097 2225 point

165 2277 211 2319 un
246 2252 374 2318 homme
404 2249 595 2343 tranquille,
621 2251 796 2318 eonvaincu
814 2247 856 2316 de
880 2248 910 2315 la
932 2249 1097 2336 legitimae
1127 2273 1131 2283 ·

165 2367 212 2435 du
232 2367 371 2450 suicide,
402 2369 457 2458 qui
486 2383 557 2434 sent
577 2367 605 2433 la
626 2365 769 2433 foiblesse
787 2364 829 2432 de
846 2366 1036 2454 l'argument
1057 2366 1100 2434 de

164 2486 341 2570 Socrate,
379 2502 410 2551 et
442 2487 499 2575 qui
533 2508 566 2550 se
596 2499 648 2549 tue
680 2506 750 2548 sans
769 2481 845 2548 faire
866 2481 1004 2550 violence
1025 2485 1045 2549 d
1067 2507 1099 2550 sa

163 2602 303 2668 raisou’'.

208 2715 460 2784 Crebillonus
482 2717 517 2782 iu
540 2725 684 2804 poemate
711 2713 941 2781 Triemrtratrr
954 2716 1096 2808 inserip-

164 2849 196 2900 to
219 2830 316 2900 dicite

231 2985 370 3053 l’Eremple
388 2986 421 3037 de
438 2988 544 3038 Calon
563 2983 642 3037 serait
658 2962 806 3036 honteux'a
824 2985 920 3040 suirre.

198 3082 260 3133 Plus
278 3082 302 3133 le
319 3081 438 3134 malheur
456 3089 497 3133 est
514 3080 619 3149 grand,
639 3081 699 3148 plus
717 3078 736 3130 il
754 3086 795 3131 est
812 3080 896 3146 grand
915 3080 947 3133 de
964 3079 1044 3136 vivre.

103 3230 108 3240 '
207 3216 360 3283 Laconica
405 3217 555 3284 brevitate
586 3216 795 3306 conspicuum
832 3231 879 3281 est
912 3237 1096 3305 responsum

163 3328 521 3401 Oldenbarneveldi
553 3333 588 3398 in
625 3331 778 3418 tragoedia
816 3334 883 3420 ejus
916 3332 1097 3399 nominisa
1163 3364 1169 3369 ·

163 3448 326 3515 Mierrio
363 3446 416 3535 (de
449 3449 477 3515 le
500 3449 653 3538 Mierre)
678 3448 843 3532 coniecta,
882 3449 939 3539 qui
964 3450 998 3514 in
1020 3450 1096 3517 vin·

164 3561 233 3629 cula
267 3568 453 3654 conjectus,
489 3563 556 3632 filio
590 3567 748 3632 Catonis
777 3561 957 3657 exemplum
979 3581 1015 3631 ut
1043 3589 1097 3632 se·

199 3834 226 3901 (¹)
245 3841 380 3899 DumeS,
412 3833 499 3888 Traite
524 3832 561 3885 du
591 3831 712 3897 suicide,
731 3848 758 3900 p.
777 3833 839 3898 344,
857 3831 904 3885 ubi
922 3832 1001 3887 etiam
1018 3834 1098 3887 refert

165 3927 251 3984 simile
267 3930 465 3984 Fonteuelli
483 3929 599 3983 dietum:
621 3928 715 3995 „Voila
732 3944 770 3980 un
788 3927 867 3982 vilain
877 3944 944 3998 caup
955 3930 988 3984 de
999 3929 1097 3999 pcing,

164 4025 210 4097 qui
230 4028 290 4096 rate
306 4027 370 4082 bien
388 4034 456 4081 cette
476 4034 545 4080 mort
562 4022 790 4096 philosophique’.
