2712 4842
702 460 766 526 250

254 630 384 707 afferant
405 640 512 708 mortis
535 640 747 726 uoluntariae,
770 643 975 734 perspicuum
996 658 1065 725 est,
1096 643 1189 708 etiam

255 755 446 840 stultorum,
482 758 538 847 qni
569 755 668 825 iidem
703 760 805 824 miseri
840 761 926 842 sint,
949 758 1098 827 ,officinm
1127 781 1191 825 esse

258 898 385 940 manere
403 876 437 939 in
456 875 541 956 vita,
563 875 589 938 si
613 875 729 940 sintin
750 878 867 963 majore
890 891 981 966 parte
1005 899 1113 942 aarum
1135 899 1191 941 re-

257 1015 352 1075 runi,
389 1013 467 1081 quas
502 988 678 1057 seeundum
704 1007 849 1057 naturam
871 1014 935 1057 esse
959 987 1105 1059 dicimus.
1150 988 1193 1057 Et

260 1108 412 1198 qnoniam
442 1104 596 1174 excedens
628 1131 646 1172 e
674 1107 737 1201 vita
766 1122 799 1173 et
829 1131 957 1174 manens
978 1130 1078 1196 aeque
1099 1105 1193 1171 miser

260 1239 327 1308 est,
357 1246 417 1290 neo
438 1219 628 1289 diuturnitas
645 1223 673 1288 ei
697 1225 791 1310 magis
815 1225 913 1291 vitam
932 1220 1115 1310 fugiendam
1135 1221 1189 1288 fa·

241 1339 322 1426 eit,
353 1363 419 1406 non
449 1339 517 1406 sino
550 1362 653 1406 caussa
685 1337 825 1422 dicitur,
860 1341 920 1423 iis,
956 1341 1014 1432 qni
1045 1337 1191 1432 pluribus

256 1452 452 1521 naturalibus
482 1456 545 1521 frui
564 1455 705 1545 possint,
730 1478 793 1522 esse
810 1456 845 1521 in
869 1457 932 1524 vita
956 1454 1189 1525 manendum”.

256 1578 333 1646 Φασὶ
359 1576 395 1645 θέ
418 1605 487 1646 ποτε
513 1573 552 1668 (οἱ
580 1579 746 1667 Στωϊκοί),
773 1595 810 1646 ut
842 1583 885 1648 ait
907 1581 1104 1650 Stobaeus
1125 1577 1191 1668 (¹),

227 1706 305 1771 ’καὶ
346 1708 398 1777 τὴν
422 1703 572 1796 ἐξαγωγὴν
596 1705 628 1771 ἐκ
652 1710 702 1772 τοῦ
728 1703 793 1791 βίου
819 1707 877 1781 τοῖς
903 1702 1071 1780 σπουδαίοις
1097 1705 1194 1777 καθη-

256 1835 359 1907 κόντως
402 1833 479 1898 κατὰ
522 1830 645 1921 πολλοὺς
677 1833 822 1922 τρόπους,
863 1832 921 1907 τοῖς
946 1830 982 1897 δὲ
1008 1830 1124 1923 φαύλοις
1148 1828 1189 1919 (²)

256 1959 307 2029 τὴν
332 1958 420 2046 provin
445 1956 475 2022 ἐν
502 1961 544 2046 τῷ
570 1962 640 2045 ζῇν,
667 1957 693 2022 εἰ
718 1958 759 2045 μὴ
785 1955 916 2045 μιλλοιευ
953 1957 1066 2023 ἔσεσθαι
1099 1956 1190 2048 σοφοί·

255 2087 317 2150 οὔτε
347 2084 406 2175 γάρ
442 2085 493 2155 τὴν
523 2084 628 2174 ἀρετὴν
653 2083 788 2170 κατέχειν
813 2081 843 2147 εὐ
869 2088 911 2171 τῷ
937 2088 1018 2172 ζῇν,
1055 2086 1117 2150 οὕτε
1143 2083 1194 2153 τήν

256 2210 360 2275 κακίαν
400 2207 565 2294 ἐκβαλλειυ·
608 2211 665 2283 τοῖς
697 2205 732 2272 δὲ
764 2207 918 2278 καθήκουσι
945 2205 994 2273 καὶ
1024 2210 1082 2282 τοῖς
1111 2208 1194 2298 παρὰ

256 2335 287 2401 τὸ
325 2334 449 2406 καθῆκον
476 2333 639 2425 μετρεῖσθαι
666 2340 718 2405 τήν
748 2357 779 2399 τε
805 2335 883 2413 ζωὴυ
908 2331 957 2399 καὶ
983 2332 1031 2400 τὸν
1056 2332 1189 2399 θοίυατου.

258 2584 403 2639 sententiae
420 2581 599 2651 interpretatio
617 2582 704 2653 speeie
721 2582 807 2651 magis
829 2599 909 2650 quam
925 2596 953 2634 re
965 2594 1083 2648 pugnare
1089 2578 1193 2633 videtur

258 2703 318 2741 cnm
335 2682 564 2738 hisPlutarohi
581 2681 691 2745 verbis,
709 2681 769 2736 adv.
788 2679 866 2735 Stoic.
882 2688 910 2750 p.
929 2684 996 2735 1063
1016 2688 1055 2738 G:
1075 2679 1095 2757 ᾧ
1113 2683 1192 2758 μηθὲν

258 2789 357 2865 ἀγαθόν
377 2789 417 2854 ira
436 2785 504 2863 μηδὲ
523 2783 607 2853 irat,
628 2781 662 2839 τὰ
694 2781 767 2839 tatia
798 2781 829 2839 δὲ
848 2785 936 2839 ποὶυτα
956 2786 1055 2843 καὶτὰ
1075 2788 1189 2866 θυσχερῆ

257 2898 303 2954 καὶ
323 2894 391 2951 κακὰ
409 2897 505 2970 πάρεςι
533 2892 579 2948 καὶ
607 2894 721 2968 παρέςαο
755 2888 801 2946 θιθι
820 2890 929 2959 τέλους,
950 2866 1034 2968 τοθτιρ
1053 2897 1088 2971 μὴ
1110 2900 1192 2958 καθή-

259 3028 310 3063 κειν
331 3005 503 3079 ἀπολέγεσθαι
521 2998 565 3057 riv
584 3001 656 3075 βίον,
677 2994 708 3053 ἄν
728 3001 764 3074 μή
786 3019 813 3053 τι
832 2996 879 3053 διὰ
898 3005 947 3054 τῶν
961 2999 1107 3079 ἀθιαρὸρωυ
1120 3005 1191 3079 αὐτῷ

258 3116 443 3190 προσγένηται·
463 3113 561 3184 quippe
578 3130 630 3169 non
648 3113 734 3184 ipsius
751 3113 933 3183 chrysippi
951 3115 1050 3181 verba,
1069 3116 1192 3183 sedvaga

259 3221 363 3266 tantum
389 3219 415 3265 et
443 3218 560 3264 contorta
582 3209 759 3263 Plutarchi
778 3208 906 3279 expositio
925 3211 1109 3281 Chrysippi
1128 3228 1191 3266 sen-

258 3309 371 3374 tentiae‚
401 3322 481 3375 quam
511 3305 620 3360 totidem
646 3307 700 3359 iere
717 3305 803 3359 vorbis
821 3305 943 3359 novimus
961 3307 1190 3373 andaniense,

260 3416 339 3475 atque
356 3422 386 3460 ea
404 3419 484 3473 quam
501 3401 617 3456 Cicero
640 3400 761 3455 Catoni
789 3399 892 3457 tribuit.
918 3403 958 3457 Cf.
986 3418 1066 3471 snpra
1094 3420 1122 3472 p.
1140 3405 1190 3457 223

259 3533 301 3584 sq.
319 3512 444 3569 Contudit
460 3509 587 3563 nimirum
605 3509 998 3576 Tiedemannusvuigarem
1010 3506 1188 3582 αὐτοχειρίαν,

260 3641 274 3678 ο
303 3622 403 3677 Stoicae
429 3617 561 3672 doetrinae
590 3615 727 3686 principiis
744 3614 936 3685 improbatam,
962 3631 1023 3668 oum
1039 3620 1071 3695 τῇ
1089 3612 1189 3691 εὐλόγῳ

258 3728 401 3807 ἐξαγωγῇ,
431 3730 486 3782 solo
513 3726 598 3781 Stoico
620 3726 692 3781 licito
716 3725 809 3780 mortis
831 3723 992 3779 voluntariae
1011 3741 1115 3793 genere.
1160 3727 1189 3794 (¹)

257 3828 311 3883 Eoi.
336 3826 395 3880 Eth.
422 3841 449 3894 p.
474 3826 535 3880 226.
572 3824 600 3889 (²)
629 3821 690 3877 Rite
715 3820 922 3889 Madvigius,
951 3821 1060 3877 ancia.
1078 3824 1111 3876 de
1128 3821 1188 3879 Fin.

256 3942 301 4003 ΙΙΙ,
332 3939 375 4002 18,
394 3951 421 4004 υ.
438 3935 500 4000 452,
518 3948 607 3988 vocem
624 3925 715 4003 μαθέ,
737 3947 817 4001 qnam
832 3931 1020 3986 Heorenius
1036 3943 1186 4007 receperat,

258 4033 457 4107 expungendam
477 4045 535 4087 osse
553 4027 636 4087 ducit.
