2756 4830
721 427 787 494 300

281 608 392 699 ἀνιάτῳ
432 608 480 675 καί
522 615 623 703 μοικρᾷ
663 618 854 703 κατεχόμενον
894 613 1008 707 ἐξάγειν
1048 616 1145 684 ἑοιντὸν
1170 619 1207 694 ὡς

277 734 399 823 ἀχρεῖον
423 730 464 822 (¹)
493 737 559 801 ὅντα
584 745 619 824 τῇ
646 738 726 805 uolet
737 790 749 826 ,
775 735 849 807 διότι
876 739 1010 827 βούλεται
1038 742 1053 806 ὁ
1079 742 1206 810 Πλάτων

275 857 338 932 τοὺς
363 857 463 924 ἑαυτοῦ
488 859 607 936 πολίτας
632 871 667 951 τῇ
693 863 773 930 realta
799 867 960 956 χρησίμους
985 866 1056 932 εἶναι
1083 866 1132 931 καὶ
1145 868 1204 955 οὐχ

274 982 381 1059 ἑαυτοῖς
404 985 456 1072 ()
499 984 528 1050 ἐν
567 983 602 1050 δὲ
637 991 694 1064 τοῖς
719 991 812 1078 νόμοις
837 996 879 1080 τῷ
905 991 1004 1080 πολλῷ
1030 991 1202 1083 ἀνθρώπῳ,

272 1108 390 1198 λέγων,
431 1115 473 1177 ὅτι
514 1108 566 1202 1δεῖ
602 1112 650 1178 τάν
691 1115 818 1190 ἀνιάτοις
835 1115 957 1183 ’πάθεσι
983 1120 1202 1206 κατεχόμενον,

272 1230 330 1299 οἷον
369 1239 451 1326 ἔρωτι
498 1235 602 1327 μητρὸς
645 1238 851 1333 ἢίεροονλίᾳ
874 1241 916 1331 (³)
942 1241 960 1312 ἢ
986 1245 1043 1307 τῶν
1069 1242 1201 1309 τοιούτων
1248 1237 1257 1261 l

269 1361 340 1448 τινί,
366 1358 415 1426 καί
442 1363 483 1450 μὴ
509 1359 670 1451 δυνάμενον
695 1366 809 1455 κρατεῖν
830 1365 944 1453 ἑαυτοῦ,
961 1363 1076 1456 ἐξάγειν
1090 1365 1198 1433 ἑαυτόν.

269 1486 373 1575 Τρίτον
398 1486 592 1579 ἐπιχείρημα,
619 1489 644 1552 εἰ
671 1488 812 1580 Πλωτίνῳ
827 1492 988 1583 γέγραπται
1004 1488 1068 1581 περὶ
1085 1489 1198 1579 εὐλόγου

267 1607 428 1700 ἐξαγωγῆς,
454 1609 506 1677 δεῖ
527 1618 586 1702 ἀρα
612 1612 679 1678 ποτὲ
694 1610 808 1703 ἐξάγειν
825 1613 932 1680 ἑαυτόν.
961 1615 1115 1704 Τέταρτον,
1134 1615 1160 1680 εἰ
1171 1617 1196 1679 οἱ

267 1735 388 1803 Στωϊκοὶ
414 1763 444 1802 κ.
472 1762 499 1803 τ.
527 1736 556 1801 λ.
609 1735 708 1827 Quod
733 1753 882 1828 quartum
894 1753 1112 1823 argumentum
1125 1761 1197 1805 cum

264 1852 330 1943 ipsa
362 1851 642 1947 Olympiodori
664 1853 840 1940 objectione
868 1852 916 1921 rel
936 1855 1040 1945 potius
1059 1820 1194 1920 conclu-

265 1971 350 2037 sione
369 1973 437 2057 jam
458 1994 552 2062 supra
576 1968 739 2035 retulimus
761 1968 816 2059 (⁸).

308 2088 455 2179 Apparet
479 2089 630 2152 nimirum
652 2109 691 2150 ex
711 2084 771 2166 his,
796 2085 972 2170 ambiguam
990 2085 1194 2150 etohseuram

250 2202 352 2296 ,fuisse
384 2203 563 2270 Platonis
602 2204 636 2268 in
661 2199 872 2268 Phaedone
901 2202 1103 2285 senteutiam,
1127 2224 1188 2266 ne·
1273 2276 1276 2283 ,

260 2345 325 2410 que
359 2336 477 2385 tantam
508 2320 573 2385 vim
604 2321 670 2405 ejus
701 2333 978 2404 argumentorum,
1011 2340 1092 2407 quae
1113 2318 1185 2382 Ca-

259 2436 361 2520 toni,
395 2435 507 2503 Stoicis
540 2435 714 2526 praeceptis
742 2435 884 2517 imbuto,
918 2432 1060 2526 perfecto
1082 2430 1184 2514 adeo,

257 2567 294 2619 ut
314 2552 375 2645 ipsi
408 2550 566 2634 fatentur,
589 2549 716 2632 Stoico,
740 2547 987 2641 persuaderent,
1012 2565 1079 2614 uta
1101 2574 1182 2640 pro·

254 2668 357 2759 posito
389 2664 557 2733 desisteret.
610 2666 688 2756 Quo
718 2666 814 2753 magis
844 2665 939 2752 hujus
960 2667 1183 2757 propositionis

254 2787 363 2852 veritas
382 2784 518 2870 eluceat,
554 2783 616 2852 hoc
637 2785 713 2849 item
732 2783 841 2849 afferre
861 2783 940 2849 mihi
957 2783 1067 2869 liceat,
1091 2782 1178 2874 quod

253 2902 528 2969 Cleombrotus
548 2898 774 2982 Ambraciota,
796 2898 877 2967 lecto
896 2899 959 2968 hoc
979 2899 1119 2988 dialogo,
1143 2918 1181 2967 ut

251 3019 347 3085 animi
374 3016 626 3100 immortalitate,
660 3015 701 3082 de
732 3042 795 3107 qua
815 3017 934 3103 egregie
959 3032 990 3083 et
1013 3019 1048 3083 in
1076 3016 1179 3084 aebli-⁹

249 3160 335 3213 mem
357 3133 488 3202 modum
508 3131 723 3226 disputantem
741 3132 1077 3219 Socratemlegerat,
1097 3157 1177 3222 per-

247 3254 424 3336 frueretur,
459 3251 664 3344 praecipitem
690 3272 723 3315 se
753 3273 771 3315 e
802 3272 894 3316 muro
917 3250 951 3315 iu
968 3274 1053 3315 mare
1083 3252 1177 3337 abje-
1228 3331 1233 3338 ι

252 3371 325 3438 cisse
361 3383 529 3452 narratur,
567 3382 603 3431 ut
632 3390 671 3431 ex
694 3365 757 3433 hoc
780 3362 1018 3433 Callimachi
1041 3361 1082 3454 (⁵)
1105 3366 1177 3458 epi-

247 3501 416 3574 grammate
437 3499 590 3572 apparet:

278 3754 306 3822 (¹)
333 3759 384 3809 Ms.
414 3756 487 3806 Par.
516 3742 646 3821 ἀχρηςον.
710 3753 737 3818 (²)
768 3749 877 3804 videtur
912 3749 1175 3821 Olympiodorus

243 3850 371 3921 respicere
396 3846 659 3901 Platonislocum
678 3846 711 3899 de
729 3851 795 3915 Rep.
814 3851 858 3911 111,
876 3864 903 3914 p.
919 3848 971 3900 llo
990 3852 1054 3899 D—
1075 3864 1101 3915 p.
1120 3850 1178 3907 441,

241 3960 325 4015 ced.
351 3956 416 4013 Fic.
454 3957 480 4024 (³)
509 3961 559 4010 Ms.
586 3958 654 4008 Par.
676 3948 829 4025 ἱεροσυλίας.
873 3952 900 4019 (⁴)
920 3968 946 4020 p.
970 3953 1022 4005 252
1044 3967 1102 4020 sqq.
1141 3954 1169 4020 (ὅ)

240 4056 329 4125 Epigr.
347 4058 390 4121 28,
408 4054 489 4108 nuth.
508 4056 552 4107 Gr.
572 4050 629 4105 Lib.
650 4053 694 4117 111,
713 4047 765 4105 rit.
781 4051 824 4116 32,
845 4049 882 4103 ld
900 4049 942 4104 ed.
956 4052 988 4105 Η.
1002 4048 1168 4116 deBosch,
