2798 4836
696 400 745 467 38

257 579 403 668 Tyrius
435 579 554 647 aetheri
575 584 749 651 ‚tribuebat
781 587 1022 675 principatum,
1062 587 1193 677 Chry-

268 700 413 786 sippus
434 712 467 763 et
482 697 726 767 Posidonius
749 702 859 788 coelo,
885 702 1102 772 Cleanthes
1126 705 1197 787 soli3

268 811 324 879 sed
346 836 421 879 mox
438 814 625 881 Laertius
647 815 737 883 aliam
754 806 936 910 opinionem
948 821 1201 910 tribuitClrry-

271 906 410 1018 rippa,
443 953 507 1019 qua
531 930 645 997 mundi
669 934 867 1024 principatus
885 937 1015 1024 ponitur
1036 938 1070 1001 in
1093 937 1203 1025 puris-

267 1047 341 1111 sima
361 1058 452 1136 parte
473 1044 615 1115 aetheris.
637 1050 679 1116 Et
703 1026 845 1117 aethaeo
868 1049 1207 1143 verioerrysippi

268 1163 440 1244 sententia,
460 1187 558 1253 quam
579 1165 690 1233 Stoicis
709 1169 879 1253 generatim
900 1166 1205 1256 Plutarchus(¹),

272 1295 304 1344 et
332 1279 393 1371 ipsi
430 1279 666 1373 Chrysippo
693 1280 807 1349 diserte
840 1284 984 1351 Cicero
1020 1282 1061 1373 (²)
1084 1284 1208 1355 tribuit.

271 1395 372 1482 Igitur
394 1393 671 1488 Chrysippus,
704 1414 741 1464 ut
767 1398 885 1465 solebat
906 1398 1019 1493 placita
1037 1422 1093 1465 sua
1114 1400 1230 1484 dietisx

269 1521 471 1603 poetarum,
517 1513 552 1577 in
584 1514 692 1605 primis
728 1498 961 1603 Euripidis,
998 1513 1207 1597 confirmare,

271 1625 358 1694 baud
387 1625 588 1696 incommode
609 1628 676 1696 hue
708 1629 866 1697 referebat
883 1629 1018 1699 eelebres
1041 1628 1108 1696 illos
1129 1631 1207 1695 Eu·
1257 1646 1266 1661 ¹

252 1742 418 1835 ·ripidis
442 1768 545 1811 versus
567 1769 607 1810 ex
632 1743 820 1835 Thyeste,
844 1743 1008 1836 deperdita
1040 1744 1210 1832 tragoedia,
1242 1771 1255 1780 ·

274 1884 353 1951 quos
388 1877 491 1926 tamen
528 1859 569 1925 ad
608 1861 763 1949 Eressas
804 1859 986 1931 referendos
1017 1885 1080 1927 esse
1121 1877 1212 1954 putat

274 1975 614 2044 Valeltenaerius:

353 2119 432 2201 Ὀρᾷς
449 2124 494 2180 τὸν
515 2125 583 2199 ὑψοῦ
602 2119 673 2181 'clud'
694 2123 799 2200 ἄπειρον
821 2127 935 2202 αἰθέρα,

353 2233 405 2288 Καὶ
425 2240 476 2306 γῆν
495 2235 571 2308 πέριξ
591 2227 675 2309 i'xord'
695 2233 788 2310 ὑγραῖς
806 2235 832 2288 ἔν
853 2234 991 2309 ἀγκάλαις

354 2347 452 2398 Τοῦτον
473 2343 561 2417 νόμιζε
580 2350 674 2410 Ζῆνα,
694 2337 765 2398 ro'rd'
786 2345 854 2418 ἡγοῦ
875 2343 942 2399 θεόν.

277 2475 384 2567 Quem
399 2471 506 2542 lorum
528 2473 622 2540 vertit
643 2472 788 2540 Cicero
807 2471 849 2540 de
867 2474 986 2540 Natura
1005 2475 1142 2539 Deorum
1154 2470 1212 2561 (³):

312 2615 392 2670 vides
410 2614 524 2669 sublime
540 2615 652 2679 tusum,
670 2612 872 2668 immoderatum
890 2616 1011 2679 aethera,

311 2712 362 2777 Qui
380 2719 469 2765 tenero
485 2720 582 2765 terram
599 2709 767 2776 circumjectu
785 2711 970 2779 amplectitur?

299 2813 392 2861 ·Huno
409 2822 544 2861 summum
562 2805 656 2858 habeto
674 2805 786 2860 divum:
805 2807 875 2860 huno
891 2806 1027 2879 perhibeto
1044 2813 1166 2862 lovem.

286 2959 350 3031 Alii
389 2983 519 3050 quoque
540 2968 654 3051 poetae
675 2957 763 3026 latini
790 2959 1036 3055 Euripidem
1068 2959 1221 3030 imitando

284 3094 529 3169 expresserunt3
581 3074 678 3142 veluti
716 3077 933 3144 Pacuvius
963 3076 1219 3169 in'Chryse‚

198 3244 200 3251 ι
286 3199 377 3284 cujus
393 3193 499 3263 locum
520 3192 642 3283 plenius
663 3189 774 3280 prodit
794 3191 1112 3260 Valckenaerius
1135 3192 1197 3280 (Ἲς

287 3337 418 3392 Horrida
436 3336 534 3388 circum
553 3350 700 3403 supraque,
719 3336 790 3403 quod
808 3337 943 3404 complexu
960 3336 1076 3389 eontinet

288 3441 412 3497 Terranu
432 3432 515 3485 nostri
533 3433 634 3484 eoelum
652 3439 810 3494 memorant,
829 3431 900 3498 Graji
922 3432 1060 3500 perhibent
1080 3434 1204 3486 aethera:

288 3529 421 3597 Quidquid
439 3538 480 3582 est
496 3530 544 3581 hoe
563 3526 652 3591 omnia
668 3526 694 3593 is
709 3526 817 3591 animat,
836 3527 943 3593 format,
961 3537 1050 3596 auget,
1068 3529 1124 3593 alit,
1143 3538 1222 3594 creat,

286 3702 402 3719 m

326 3789 354 3854 (¹)
373 3793 410 3843 ae
427 3788 495 3841 rrae,
515 3785 581 3840 ruit
605 3789 627 3848 1,
645 3786 673 3848 r,
691 3798 718 3852 p.
736 3785 787 3847 aar
806 3789 836 3839 r.
873 3776 1006 3850 alneu.
1024 3789 1057 3840 n.
1075 3791 1096 3852 1,
1109 3788 1152 3841 ra.
1164 3785 1224 3841 vra.

290 3882 571 3940 bidobrandiuus
597 3881 631 3933 ed
657 3880 748 3948 Diog.
767 3885 873 3935 baert.
910 3881 989 3949 (³)11,
1014 3884 1058 3961 25}
1096 3881 1224 3951 (baim.

292 3997 320 4052 p.
339 3984 382 4038 tr.
401 3983 441 4035 tt.
460 3979 576 4033 Gatak.
595 3977 628 4029 ad
645 3981 682 4031 Μ.
700 3980 774 4031 Ant.
792 3982 835 4043 lV,
854 3980 873 4045 5
890 3979 933 4033 23.

1318 2148 1321 2151 ’
1391 2150 1394 2207 Ι

1392 2234 1393 2281 t
