2756 4830
711 398 776 466 320

261 582 496 676 receptaculum
528 582 587 648 nisi
624 580 798 675 optandam
825 593 909 646 certe
938 602 1004 644 nou
1029 573 1200 643 timendam

264 722 328 764 esse
352 698 466 782 duxit,
490 715 526 764 ut
554 701 682 786 exejus
705 697 793 764 dicto
816 693 956 787 quodam
976 692 1063 783 apud
1087 696 1200 760 Cice⁴

266 839 403 883 runem
439 813 480 906 (¹)
519 831 672 908 apparet:
733 815 924 899 „Magnum
967 813 1078 895 vero’'‚
1123 807 1203 875 dixit

266 931 499 1019 Lysimacho
531 947 666 998 mortem
698 933 727 996 ei
761 929 946 1006 minitanti,
970 977 994 1009 ‚‚
1007 927 1154 1006 effecisti,
1177 925 1202 990 si

264 1045 455 1112 cantharidis
479 1048 543 1113 vim
567 1063 750 1114 consecutus
777 1047 845 1114 es”.
892 1041 993 1135 Quod
1026 1058 1130 1108 tamen
1155 1040 1203 1106 di-

266 1177 353 1227 ctum
373 1163 460 1227 aliter
484 1163 531 1228 his
555 1164 654 1228 verbis
674 1161 781 1228 retulit
798 1161 949 1228 Seneca
973 1158 1037 1246 (²):
1065 1159 1201 1242 „Habes

265 1301 322 1342 cur
342 1279 400 1344 tibi
425 1278 562 1367 placeas:
587 1279 712 1345 hemina
734 1279 892 1364 sanguinis
914 1278 949 1342 in
972 1293 1025 1342 tna
1049 1290 1202 1367 potestate

265 1394 350 1459 est’'.

653 1647 809 1709 urrunnun

285 1806 292 1833 1

308 1860 469 1946 Objnrgat
502 1860 705 1951 Epicurus
738 1885 804 1927 uon
829 1860 934 1925 minus
953 1881 1003 1924 eos
1027 1860 1085 1948 qui
1109 1882 1199 1924 mor·

262 1990 326 2039 tem
359 1977 584 2068 concupiscant
608 2002 703 2065 qnam
728 1979 784 2066 qui
810 1978 967 2060 timeant,
992 1992 1023 2040 et
1046 1977 1088 2041 ait
1113 1973 1197 2040 ridi·

262 2089 368 2156 culum
389 2115 452 2157 esse
475 2117 601 2158 currere
622 2091 662 2158 ad
685 2110 818 2159 mortem
843 2091 943 2158 taedio
965 2094 1070 2172 vitae,
1096 2117 1199 2182 quum
1270 2133 1273 2141 ·

263 2234 374 2295 genere
406 2212 485 2276 vitae
511 2226 545 2275 nt
566 2210 605 2274 ad
628 2236 695 2276 eam
720 2209 914 2276 currendum
935 2227 1013 2275 osset
1033 2209 1196 2294 effeceris,

263 2328 424 2416 vitamque
448 2328 504 2390 tibi
527 2328 699 2416 inquietam
722 2325 896 2401 reddideris
916 2342 1002 2391 metu
1016 2328 1122 2391 mortis
1137 2325 1190 2415 (³)3

260 2466 311 2507 eos
337 2444 431 2528 igitur
456 2444 512 2533 qui
538 2442 585 2509 vel
609 2446 760 2529 juvenem
787 2445 869 2507 hene
894 2446 997 2509 vivere
1022 2441 1067 2508 vel
1090 2466 1198 2507 senem

261 2561 342 2624 hene
373 2582 412 2624 ex
446 2562 505 2625 vita
544 2557 704 2624 discedere
722 2558 911 2640 admonent,
938 2558 1086 2624 fatuitatis
1104 2561 1195 2624 incu-

258 2692 323 2751 sat,
363 2700 429 2741 non
464 2674 559 2742 niodo
592 2677 663 2766 qnia
695 2677 757 2741 vita
790 2700 848 2765 per
882 2700 913 2740 se
948 2676 1092 2766 optabilis
1127 2691 1194 2758 est,

262 2816 372 2858 verum
409 2794 594 2881 praesertim
621 2793 693 2881 quia
724 2791 832 2857 endem
853 2810 898 2857 est
926 2792 1088 2859 meditatio
1115 2795 1196 2858 bene

260 2905 386 2974 vivendi
408 2927 438 2973 et
461 2912 542 2973 bene
564 2908 717 2975 moriendi
740 2911 793 2999 (ἡ)
838 2912 926 2975 Mors
951 2909 1030 2974 nihil
1051 2908 1090 2973 ad
1112 2934 1190 2992 nos3

155 3043 167 3065 ⁸
257 3049 329 3089 nam
352 3023 438 3116 qnod
467 3024 651 3090 dissolutum
677 3043 740 3105 est,
763 3044 973 3110 scnsncaret3
1001 3025 1193 3115 quodsensu

256 3159 371 3223 caret,
393 3140 473 3206 nihil
495 3140 534 3205 ad
557 3166 612 3208 nos
627 3140 679 3229 (³¹2)
694 3140 813 3209 idcirco
835 3142 874 3206 ad
899 3141 1019 3208 dolores
1041 3145 1083 3206 ita
1093 3143 1193 3233 parati

256 3258 370 3340 simus,
407 3273 464 3338 ut,
487 3282 639 3324 memores
657 3260 806 3325 maximos
828 3276 928 3326 morte
947 3258 1056 3344 finiri,
1083 3282 1191 3348 parvos

287 3586 314 3652 (¹)
334 3592 412 3641 Tnsc.
432 3592 463 3653 V,
481 3589 526 3643 16.
544 3587 584 3642 Cf.
603 3590 671 3644 Val.
688 3595 756 3644 Max.
776 3594 820 3655 vt,
833 3592 860 3646 2.
899 3591 926 3656 (²)
945 3596 982 3643 De
992 3594 1087 3658 Tranq.
1098 3590 1186 3647 Anim.

251 3698 274 3735 c.
308 3685 350 3737 11.
389 3684 415 3750 (³)
446 3688 517 3740 Seu.
547 3690 593 3753 Ep.
620 3688 663 3741 et.
701 3686 826 3752 (⁸)I).Ia.
846 3692 878 3752 X,
897 3690 916 3754 §
935 3689 994 3742 126.
1033 3688 1060 3752 (⁵)
1081 3689 1186 3742 cntl.

251 3794 330 3847 supro
357 3796 383 3848 p.
410 3782 471 3845 213,
498 3790 552 3835 not.
581 3786 606 3847 1,
626 3783 724 3849 quibus
741 3784 870 3835 addantur
887 3761 951 3837 Cic.
974 3781 1122 3846 derint,
1142 3787 1184 3848 13,

251 3876 396 3931 Tertull.
415 3877 447 3928 de
465 3878 553 3932 Auim.
573 3894 596 3933 c.
615 3881 658 3945 tt,
677 3881 828 3936 Ambros.
847 3885 912 3950 Epp.
932 3881 1014 3935 Closs.
1033 3885 1054 3947 1,
1074 3885 1121 3949 Ep.
1138 3882 1182 3945 63,

250 3975 325 4026 Tam.
343 3977 375 4035 11,
395 3989 422 4041 p.
445 3975 513 4029 1027
530 3975 572 4029 ed.
591 3979 660 4030 Por.
680 3977 757 4030 1696.
