2712 4842
607 452 671 519 283

168 639 299 721 661661,
331 637 455 718 tassice,
488 660 557 702 sans
578 637 730 704 esntotian
752 645 783 702 et
808 632 1009 726 impassibler
1039 631 1062 697 il
1085 659 1103 721 y

169 754 270 834 66611,
302 776 338 820 ee
366 777 418 819 me
449 750 586 833 semble,
621 753 709 818 6616
729 768 819 818 vertu
843 749 884 816 de
907 750 1102 818 cethcmme

170 885 244 958 trop
265 867 306 935 16
327 867 496 956 gaillardise
516 886 548 935 et
570 867 611 934 de
636 867 770 936 verdeur
800 893 883 959 pour
906 871 974 934 s’en
998 891 1103 933 arres-

70 1084 74 1092 .
173 1001 222 1055 ter
243 984 286 1051 11.
329 987 367 1051 16
396 1009 472 1078 croy
499 1008 567 1051 6666
586 982 707 1051 1661616
732 984 813 1076 qu’il
834 985 930 1051 sentit
954 982 1000 1048 du
1021 982 1105 1074 plei-

174 1103 216 1167 sir
247 1117 281 1167 et
317 1098 359 1167 16
388 1100 417 1166 16
455 1101 583 1193 volupte
616 1126 657 1167 66
686 1125 748 1167 666
774 1104 800 1166 si
823 1099 904 1166 belle
922 1101 1053 1182 action,
1075 1113 1108 1164 et

175 1217 257 1307 qu’il
291 1215 339 1309 s’y
377 1241 484 1304 aggresi
515 1217 586 1310 plus
617 1219 716 1309 qu'en
748 1233 835 1283 autre
869 1214 910 1281 de
947 1214 1036 1282 celtes
1066 1211 1107 1279 de

175 1358 208 1401 66
245 1335 372 1401 616-
402 1336 439 1399 Je
470 1333 498 1399 le
534 1358 608 1425 croy
642 1336 666 1399 si
691 1351 806 1418 avent,
845 1357 908 1423 que
927 1335 1047 1420 j’entre
1068 1354 1110 1396 en

169 1447 297 1517 ’1661616
330 1448 379 1515 s’it
409 1466 479 1515 eust
507 1449 602 1517 voulu
631 1474 695 1538 que
716 1449 883 1518 l'oceesion
899 1446 984 1515 tl'un
1008 1449 1034 1514 si
1058 1447 1111 1514 bel

177 1564 315 1653 expletor
343 1564 397 1654 luy
427 1564 493 1631 fust
528 1569 622 1632 66166.
667 1566 710 1631 Et
746 1564 942 1632 6116116616
978 1565 1033 1655 qui
1057 1563 1111 1652 luy

179 1682 278 1749 1616611
296 1683 468 1749 embrasser
488 1680 530 1747 les
550 1681 758 1748 commoditez
781 1680 952 1770 publiques
966 1678 1037 1768 plus
1048 1701 1113 1770 que

179 1796 222 1865 les
242 1799 387 1882 6166666,
422 1822 465 1864 66
492 1822 542 1863 me
576 1798 672 1864 tenoit
693 1822 734 1863 66
756 1796 866 1878 bride,
885 1800 920 1884 je
946 1796 1112 1863 tombercis

179 1915 330 1981 aisement
360 1937 401 1980 66
429 1930 510 1981 cette
544 1914 698 2003 opinion,
735 1914 815 2004 qu’il
840 1915 956 2001 6666611
972 1914 1038 1980 bon
1057 1915 1112 1998 gre

183 2040 201 2096 6
230 2029 260 2096 16
286 2029 413 2098 fortune
445 2028 567 2098 d'avoir
595 2031 654 2095 mis
688 2055 720 2096 66
754 2046 844 2096 vertu
865 2033 884 2095 1
908 2053 971 2095 666
990 2029 1015 2094 si
1035 2026 1115 2094 belle

182 2168 355 2236 espreuve,
390 2162 422 2212 et
455 2144 575 2213 d'avoir
605 2146 735 2213 favorise
759 2143 950 2232 cebrigand
975 2142 1118 2221 1166166

182 2287 244 2330 aux
278 2261 368 2355 pieds
398 2261 577 2330 l’ancienne
606 2262 719 2328 liberte
752 2260 793 2328 (16
821 2286 853 2329 66
883 2263 992 2352 patrie.
1005 2300 1047 2311 -
1071 2264 1117 2328 La

183 2378 386 2471 Philosophie
417 2381 480 2449 m’a
511 2378 586 2447 faict
616 2379 723 2471 plaisir
758 2378 798 2445 de
813 2382 924 2468 juger,
951 2380 1073 2469 qu’une
1092 2380 1118 2444 si

183 2495 267 2563 belle
289 2497 393 2564 (61166
422 2500 572 2562 66616616
598 2494 834 2564 indeceniment
859 2496 1119 2583 166666616616

184 2628 274 2678 66166
293 2614 341 2681 rie
359 2614 458 2702 qu’en
479 2611 554 2679 66116
573 2610 614 2678 (16
635 2614 784 2679 Catone
807 2629 840 2678 et
866 2615 942 2701 qu’a
966 2612 994 2678 16
1011 2614 1119 2680 616666

185 2729 268 2797 66616
289 2728 529 2818 ilappartencit
552 2726 593 2794 16
618 2727 694 2794 finir
716 2729 829 2796 61661”.

232 2846 401 2930 ‚‚Cato’',
424 2846 467 2911 ait
491 2841 799 2932 Blumreder(¹)‚
823 2844 1116 2932 „bleibteingr0s·

188 2988 238 3030 ser
259 2965 382 3047 Manu,
405 2961 549 3050 obgleich
559 2986 594 3028 er
605 2960 672 3027 den
683 2959 838 3047 Fehlgriff
846 2961 923 3041 that,
947 2961 1016 3027 sich
1025 2961 1120 3027 selbst

192 3106 234 3146 zu
259 3081 394 3162 tc‘dten,
417 3080 492 3145 aber
512 3103 547 3145 er
570 3081 609 3144 ist
631 3077 723 3158 nicht
743 3075 904 3162 deswegen
924 3100 1031 3163 grets,
1057 3076 1123 3145 weil
1156 3068 1160 3069 ⁷

189 3222 225 3263 er
252 3196 321 3264 sich
354 3195 477 3263 11111616
513 3194 581 3262 661
603 3194 655 3260 116
676 3196 805 3261 Ncucrn
824 3193 929 3259 haben
955 3194 1121 3276 Unrecht‚

189 3314 248 3380 ihn
268 3337 373 3401 wegen
393 3315 479 3379 einer
502 3311 673 3399 Handlung
693 3338 733 3376 66
759 3313 903 3399 preiren,
936 3310 1051 3379 welche
1073 3311 1124 3377 die
1166 3348 1172 3359 ι

191 3429 372 3498 christliche
395 3429 496 3497 Mora}
521 3427 724 3496 verdammen
746 3430 866 3494 muss'’.

234 3549 325 3615 Licet
346 3548 463 3629 Cato,
488 3571 590 3637 quum
611 3570 722 3614 manus
741 3546 801 3611 sibi
824 3544 989 3628 intulerit,
1012 3568 1049 3609 ex
1069 3569 1125 3610 re-

190 3663 311 3751 ligionis
334 3663 530 3730 Christianae
554 3663 728 3754 praeceptis
751 3663 909 3729 Socrati
928 3659 1123 3753 16666666-
1193 3746 1196 3750 ¹

191 3777 360 3871 ponendus
392 3777 556 3864 videatur,
590 3802 655 3845 666
689 3776 891 3846 diffitendum
916 3795 1126 3845 1661661661-

228 4047 256 4114 (1)
275 4053 325 4101 Der
351 4046 472 4100 Selbstrn.
491 4045 581 4113 psych.
602 4044 666 4096 erkl.
687 4042 741 4093 und
759 4058 824 4097 6161.
845 4058 910 4109 gew.
930 4044 978 4100 Th.
997 4049 1017 4106 1,
1037 4048 1062 4098 S.
1082 4048 1126 4100 80.
