2798 4836
699 431 742 497 28

262 615 392 682 tentiam
415 610 617 695 tribuerunt,
653 616 755 681 Deum
774 638 836 680 esse
856 615 919 681 vim
939 614 1100 703 quandam
1124 641 1196 684 ma-

265 733 381 813 teriae,
431 729 588 820 siquidem
624 732 748 795 materia
780 756 876 797 unam
905 731 1001 799 habet
1033 734 1098 809 vim
1130 760 1195 824 pa·

263 845 372 911 tiendi.
417 847 514 932 Igitur
539 848 639 938 probe
662 845 835 913 tenendum
856 865 902 913 est
927 850 1049 932 Deum,
1074 875 1194 939 quam·

264 987 360 1053 quam
384 985 442 1054 per
466 977 563 1029 totam
590 964 749 1028 materiam
773 962 904 1029 diffusus
923 965 981 1045 sit,
1008 982 1113 1033 tamen
1133 991 1198 1032 non

263 1078 408 1143 habitum
435 1102 499 1144 esse
518 1078 565 1145 vel
594 1096 714 1169 partem
734 1079 781 1147 vel
803 1080 985 1170 qualitatem
1002 1098 1035 1146 et
1057 1083 1120 1147 vim
1143 1084 1200 1146 in-

263 1195 444 1261 haerentem
465 1196 628 1279 materiae3
661 1190 716 1261 sed
740 1197 780 1261 ab
803 1220 838 1261 ea
866 1193 1025 1263 diversum
1044 1197 1110 1289 ipsa
1127 1199 1200 1264 sub-

262 1314 395 1397 stantia,
421 1313 544 1404 quippe
571 1312 628 1401 qui
655 1329 732 1377 esset
753 1313 832 1397 ignis
856 1314 993 1377 sentiens
1005 1313 1200 1379 subtilissima

264 1444 383 1495 natura.
415 1431 497 1495 Deus
519 1430 613 1514 igitur
636 1452 697 1519 pro
724 1429 868 1494 varietate
893 1428 1097 1510 facultatum,
1121 1431 1200 1519 qui-

263 1548 322 1611 bus
355 1543 456 1628 valet,
494 1547 574 1610 varia
597 1545 724 1610 nomina
748 1544 892 1632 accepit,
929 1570 1010 1633 qnae
1042 1546 1145 1612 omnia
1163 1570 1201 1611 eo

261 1660 416 1741 redeunt,
449 1677 484 1725 ut
517 1663 585 1748 ejus
615 1662 660 1725 vis
696 1659 838 1726 effectrix
877 1677 908 1725 et
930 1662 1135 1747 gubernatrix
1153 1663 1199 1727 si-

261 1777 431 1865 gnificetur
466 1776 518 1864 (¹).
564 1779 667 1868 Ipsam
704 1779 771 1864 ejus
793 1778 998 1843 substantiam
1021 1777 1071 1842 alii
1100 1802 1199 1844 mun-

262 1894 362 1977 dum,
410 1893 460 1958 alii
496 1892 638 1976 coelum,
674 1891 724 1958 alii
762 1892 862 1959 stellas
884 1892 982 1976 lixas,
1017 1893 1113 1961 solem
1133 1891 1197 1982 (²),

260 2009 418 2077 aetherem
450 2008 578 2077 dicunt:
617 2035 697 2099 quae
726 2008 864 2078 diversae
895 2001 1058 2100 opiniones
1088 2013 1122 2075 in
1164 2034 1200 2075 eo

263 2129 485 2208 consentiunt,
532 2128 655 2192 Deum-
671 2151 730 2216 per
761 2127 864 2193 omnia
896 2129 1055 2216 pertinere
1083 2144 1115 2192 et
1137 2151 1200 2192 esse

262 2246 466 2310 substantiam
487 2244 610 2331 igneam
629 2242 862 2326 aethereamve,
888 2267 970 2332 quae
994 2267 1102 2310 rernm
1120 2246 1196 2309 uni-

264 2361 440 2426 versitatem
461 2376 622 2427 conservet
647 2375 680 2425 et
700 2359 926 2452 complectatur
952 2359 1004 2448 (³).

305 2486 423 2552 Natura
452 2509 526 2552 vero
556 2484 730 2552 definitur:
770 2474 854 2560 Ἐξις
879 2481 911 2561 ἐξ
936 2484 1022 2559 αὐτῆς
1048 2487 1196 2573 κινουμένη

298 2792 325 2857 (¹)
345 2797 401 2859 Huc
419 2796 537 2859 spectant
555 2803 631 2843 voces
649 2788 720 2855 apud
737 2787 799 2842 Cic.
819 2789 851 2840 de
869 2794 900 2842 Ν.
920 2789 1196 2853 n.11,t,28,111‚2s,

260 2890 406 2958 pertinere:
434 2886 513 2939 head.
533 2889 564 2947 ll,
584 2886 627 2948 37,
648 2886 778 2947 transire,
796 2901 936 2952 permeare.
956 2885 1079 2952 Ejusdem
1098 2883 1199 2952 signill-

262 2998 372 3052 cationis
400 2998 470 3066 apud
489 2996 588 3050 Stoicos
605 3004 680 3048 crant
696 3010 772 3049 voces
793 2987 911 3054 διήκειν,
934 2994 1002 3061 apud
1020 2997 1051 3046 D.
1070 2997 1099 3046 L.
1115 2993 1198 3057 ΨΜ

263 3100 322 3160 138,
343 3098 403 3160 117,
421 3101 457 3148 Μ.
477 3098 548 3147 Ant.
568 3094 598 3157 t,
618 3094 637 3159 ἕ
655 3092 697 3156 32,
717 3092 808 3145 Stob.
827 3092 881 3146 Ecl.
899 3092 946 3144 rh.
965 3094 985 3152 1,
1005 3106 1032 3156 p.
1051 3091 1094 3151 66,
1113 3092 1196 3141 Sext.

261 3181 344 3260 lamp.
363 3192 472 3259 Pyrrh.
492 3196 559 3257 Hyp.
578 3194 622 3254 ιιι,
641 3191 659 3256 5
677 3190 738 3251 ιιι,
751 3188 849 3241 erut.
868 3188 900 3239 de
917 3187 955 3239 rr.
974 3186 1021 3239 ra.
1034 3190 1055 3249 1,
1067 3188 1094 3248 ι,
1108 3201 1134 3253 p.
1145 3186 1197 3237 aaa

260 3309 296 3356 A:
320 3286 442 3371 χωρεῖν,
468 3302 539 3370 apud
562 3307 593 3355 1).
621 3306 650 3354 L.
668 3304 723 3364 vit,
742 3302 761 3366 ὅ
779 3301 838 3362 139,
859 3298 944 3350 Plut.
963 3297 995 3349 da
1012 3297 1050 3351 Pl.
1069 3297 1116 3351 rh.
1135 3297 1194 3359 Ι.Ι.,

261 3416 348 3470 Stob.
367 3415 419 3468 Ecl.
439 3414 486 3467 Ph.
506 3418 525 3476 1,
538 3428 565 3479 p.
573 3412 621 3463 66:
640 3404 810 3481 ἐξέρχεσθαι,
833 3402 1019 3476 ἐκπέμπεσθαι,
1038 3406 1108 3472 apud
1125 3409 1155 3456 D.
1166 3409 1196 3458 L.

261 3530 315 3591 VII,
341 3528 360 3593 ἕ
385 3528 433 3579 tta:
455 3522 561 3592 φοιτᾷν,
580 3518 607 3571 in
625 3516 795 3572 Cleanthis
812 3517 909 3584 hymno
927 3512 954 3567 in
972 3520 1098 3602 lovem,
1117 3518 1196 3569 ιι.13.

262 3627 289 3691 (²)
309 3622 487 3677 Cleanthes
511 3618 596 3671 Solem
620 3613 749 3668 dominari
773 3622 799 3666 et
821 3629 908 3665 rerum
930 3610 1008 3680 potiri
1022 3619 1101 3693 putat
1127 3612 1197 3681 apud

261 3720 467 3780 Ciceronem,
494 3714 573 3767 head.
592 3716 624 3776 11,
643 3713 686 3765 tt.
725 3711 752 3778 (³)
771 3715 810 3762 Dc
824 3707 973 3763 substantia
990 3707 1036 3760 Dei
1055 3709 1086 3760 ct'
1098 3708 1198 3763 ratione

262 3832 314 3886 qna
333 3813 420 3867 omnia
437 3811 504 3880 regit
521 3817 605 3863 exstat
631 3808 702 3876 apud
714 3807 815 3861 sloh.
834 3807 887 3860 Ecl.
906 3806 983 3874 Phys.
1002 3810 1022 3870 1,
1041 3822 1068 3874 p.
1087 3809 1120 3859 31
1138 3822 1196 3873 sqq.

262 3915 303 3968 etl.
323 3918 430 3975 Haec,
459 3908 606 3977 praeclarus
633 3915 710 3973 atqua
736 3901 858 3956 sublimis
887 3903 1000 3971 hymnus
1018 3901 1198 3958 Cleanthis

260 4013 288 4066 in
306 4015 423 4062 torem.
