2756 4830
609 432 614 439 ’
719 433 786 503 292

291 625 317 689 εἶ
342 628 382 714 μὴ
408 634 538 715 μενοῦσιν
564 627 611 695 ἐπὶ
639 628 744 702 τούτοις
770 629 820 699 ἕως
845 621 882 686 ἂν
908 619 980 685 ἑκὼν
1005 614 1104 690 αὐτοὺς
1130 613 1216 701 lisy,

189 806 190 811 ,
291 749 390 817 πλέοσι
431 752 481 817 κοιί
522 753 649 841 μείζοσιν
687 752 873 840 ἐμπεσοῦνται
911 748 974 811 τότε
996 742 1112 830 λύραις.
1164 737 1220 804 Διὸ

290 880 403 952 πσίυτοις
436 876 658 966 εὐλαβουμένους
690 879 741 946 τίον
771 879 827 939 τῶν
853 871 956 960 κυρίων
981 869 1128 941 σἰνοίςοισιυ
1151 864 1216 953 (¹),

291 999 441 1091 φοβεῖσθαι
471 1009 520 1068 τοῦ
558 1009 613 1091 ζῇν
652 1001 763 1074 ἑκόντος
788 996 925 1084 ἐκβῆναι,
952 995 1036 1082 ρόυου
1060 1014 1091 1056 τε
1115 987 1217 1054 τόυὲν

289 1132 331 1216 τῷ
356 1134 436 1218 γήρᾳ
460 1128 583 1193 θοίυοιτου
621 1127 770 1200 ἀσπασίως
809 1122 984 1214 προίςοισθοιι
1009 1119 1065 1209 (²),
1092 1140 1218 1185 πεπεισ-

288 1252 402 1339 μένους.
422 1253 474 1323 τὴυ
497 1252 639 1319 ἀπόλυσιν
663 1261 713 1326 τῆς
738 1252 834 1339 ψυχῆς
859 1249 935 1337 μετὰ
961 1256 1010 1321 τῆς
1034 1251 1091 1312 τῶν
1114 1244 1217 1333 κυρίων

289 1375 436 1464 7171166971
462 1380 577 1466 γνώμης
603 1379 654 1468 (³).
698 1382 746 1445 De
765 1381 834 1471 ipso
855 1377 1097 1467 Pythagora,
1114 1370 1217 1463 'quem

288 1489 329 1557 ad
358 1516 511 1560 summam
544 1511 736 1563 senectutem
758 1496 864 1563 vixisse
883 1496 1043 1574 novimus,
1073 1487 1216 1556 nonnulli

290 1606 445 1693 tradunt,
478 1609 627 1679 incendio
662 1613 808 1678 omnibus
842 1612 908 1699 ejus
932 1608 1134 1676 familiaribus
1160 1607 1214 1670 in·

288 1727 448 1807 teremtis,
502 1728 607 1814 ipsum
648 1752 684 1793 ex
729 1752 767 1795 eo
797 1727 936 1818 elapsum
972 1748 1046 1816 prae
1079 1745 1217 1790 moerore

289 1842 384 1906 animi
404 1843 605 1930 semetipsum
631 1868 649 1908 e
670 1844 745 1910 vivis
767 1843 921 1909 sustulisse
941 1841 995 1930 (⁸).

332 1956 556 2038 Philolaus,
593 1953 844 2048 Pythagorae
866 1958 1050 2023 sententiam
1073 1969 1215 2035 secutus,

287 2088 386 2172 ὥσπερ
426 2082 455 2147 ἐν
495 2091 605 2173 φρουρᾷ
630 2088 726 2158 ποίντσι
751 2082 807 2148 ὑπὸ
832 2088 881 2148 τοῦ
906 2081 968 2146 Θεοῦ
993 2079 1214 2170 περιιιλῆρθοιι,

288 2184 348 2265 sibi
369 2200 463 2284 igitur
485 2221 595 2263 manus
617 2198 734 2264 inferre
755 2200 884 2264 minime
901 2198 1009 2279 licere,
1035 2193 1177 2281 censuit(
1192 2196 1214 2284 ).

191 2310 193 2316 ’
289 2317 397 2405 Quam
415 2316 601 2380 sententiam
621 2294 842 2381 Philolaum
855 2313 1120 2405 Pythagoreorum
1130 2334 1214 2377 more

287 2433 451 2498 obscurius
473 2429 659 2517 significasse
679 2448 711 2497 et
734 2432 961 2522 comparatione
985 2428 1213 2495 vitaeeumiti-

289 2571 364 2612 nere
386 2545 426 2612 acl
449 2546 625 2636 templum,
658 2547 720 2614 hoe
742 2563 787 2611 est
809 2549 904 2613 vitam
927 2545 1105 2623 coelestem,
1125 2542 1212 2609 indi-

290 2689 371 2733 casse
393 2683 499 2731 narrat
515 2663 824 2757 olympiodorus
850 2666 910 2754 (⁶),
935 2667 1064 2735 dicens:
1112 2660 1151 2733 Ὀ
1182 2665 1215 2731 δὲ

325 2941 353 3007 (¹)
372 2943 511 2996 casaub.
529 2943 597 2995 malo
605 2942 670 3010 legit
687 2941 826 2996 ἀνάτασιν,
863 2944 889 3008 (2)
903 2942 1036 2997 casaub.
1053 2942 1214 3013 προσίεσθαι.

291 3037 319 3103 (³)
338 3039 454 3091 Athen,
473 3037 596 3106 Deipnos
615 3055 643 3107 p.
662 3041 712 3091 137
734 3042 762 3101 C,
781 3045 811 3092 D.
850 3038 876 3103 (¹⁹)
891 3038 1114 3106 Porphyrius,
1127 3039 1215 3092 inrita

287 3133 424 3200 Pythag.
443 3149 471 3201 p.
490 3135 524 3185 82
541 3134 581 3188 ed.
601 3138 701 3187 Amst.
721 3137 797 3187 1707.
816 3133 877 3185 Fuit
895 3133 963 3185 inter
979 3142 1078 3187 veteres
1096 3151 1215 3187 summus

289 3228 322 3279 de
339 3228 398 3293 ejus
414 3227 507 3280 mortis
525 3244 619 3295 genere
637 3228 792 3293 dissensus,
812 3230 846 3281 de
861 3246 913 3296 quo
930 3231 1033 3297 legatur
1049 3229 1216 3298 Diogenes

289 3321 464 3387 Latitiae,
483 3328 548 3387 vlu,
567 3327 586 3391 §
604 3327 646 3388 39,
666 3327 709 3379 10.
728 3326 775 3379 eff.
794 3325 1005 3378 Jamhliehus
1023 3326 1051 3377 in
1068 3326 1121 3379 vita
1138 3330 1216 3389 ο,33,

290 3421 333 3481 36,
361 3418 539 3485 Meuagius
564 3420 598 3470 ad
623 3425 654 3475 D.
673 3425 703 3474 L.
722 3421 761 3475 l.l.
780 3422 1029 3488 etBruelreruS‚
1055 3422 1123 3478 Hist.
1150 3424 1216 3477 Phil.

290 3514 354 3566 eur.
385 3519 459 3569 rom.
488 3520 509 3578 ι,
537 3519 566 3569 r.
592 3519 625 3579 u,
652 3520 682 3568 u.
710 3519 1151 3588 11,.c.x‚§13,p.1021sqq.
1188 3522 1215 3589 (υ

289 3610 453 3677 Athenag.
479 3614 573 3676 Legat.
603 3627 650 3678 pro
679 3610 773 3666 Christ.
800 3629 823 3667 o.
850 3616 876 3678 6,
894 3615 989 3666 Plato
1006 3614 1034 3667 in
1051 3617 1170 3672 Phued.
1188 3635 1215 3686 p.

291 3707 343 3757 377
365 3709 395 3769 B,
425 3708 444 3759 G
469 3704 510 3759 ed.
526 3705 591 3760 Fir.
611 3707 658 3760 eff.
678 3709 823 3771 Booekh,
852 3708 1027 3764 Philoluos
1051 3713 1098 3764 des
1120 3715 1216 3781 Pytha-

291 3816 396 3866 goreers
417 3801 518 3854 Lehren
539 3803 616 3854 nebst
642 3803 692 3854 den
710 3805 905 3857 Brurhstiielren
929 3805 1015 3859 seines
1034 3810 1159 3872 WerkeS,
1190 3814 1215 3863 S.

292 3898 352 3961 131,
374 3899 424 3947 178
438 3896 486 3959 n,
507 3898 589 3949 Berl.
612 3901 689 3959 1819,
708 3899 872 3962 Weleker,
891 3901 987 3957 Rhein.
1005 3909 1074 3959 Mus.
1092 3906 1137 3958 fiir
1154 3905 1216 3958 Phi-

289 3990 334 4043 lol.
356 3991 446 4059 Jahrg.
467 3997 488 4055 1,
511 3995 587 4058 1833,
608 3997 633 4047 S.
651 3995 701 4044 616
720 3994 740 4046 f.
778 3993 805 4060 (⁸)
825 3999 854 4049 In
867 3998 947 4052 schol.
961 3999 1215 4054 adPlat.Phaed.
