2712 4842
568 448 630 516 tut

180 635 291 724 Quum
320 647 422 697 antem
448 632 551 700 Stoica
576 632 722 723 sapientis
745 629 925 698 informatio
950 644 1068 695 tantam

136 752 171 815 in
191 751 331 840 sapiente
353 749 475 814 virtutis
500 748 726 841 perfectionem
746 746 909 838 postulet,
943 761 978 811 ut
999 770 1068 811 eam

136 864 270 950 vulgaris
301 864 397 931 homo
427 865 549 954 assequi
583 887 677 930 nemo
707 866 830 955 possit,
871 880 970 952 atque
993 860 1073 928 adeo

138 1006 246 1048 omnes
269 981 410 1062 Stoicos,
444 982 501 1072 qui
528 1004 640 1047 manus
659 982 719 1046 sibi
739 980 983 1063 conscivissent,
1006 978 1069 1077 do·

138 1099 274 1165 ctrinem
298 1121 395 1186 quam
415 1095 643 1187 profiterentur
662 1097 790 1162 minime
812 1097 943 1162 tenuisse
972 1098 1066 1162 evin·

141 1230 212 1293 cat,
234 1206 269 1278 ut
289 1209 331 1279 de
355 1214 423 1302 ipso
446 1214 595 1280 Catone
616 1215 656 1278 sit
678 1212 766 1304 quod
786 1212 968 1279 dubitemus
989 1237 1069 1278 num

135 1332 255 1417 justam
279 1327 434 1396 moriendi
456 1330 610 1396 invenerit
633 1354 789 1410 caussam,
822 1356 840 1395 a
863 1354 935 1396 vero
953 1354 1068 1422 parum

140 1449 245 1512 abesse
278 1447 369 1512 nobis
402 1442 571 1530 videmur,
614 1463 804 1528 statuentes,
842 1470 907 1513 nou
942 1445 1074 1536 quidem

143 1562 286 1644 Stoicos,
324 1560 379 1628 sed
410 1564 510 1654 ipsam
532 1587 641 1631 eorum
662 1561 839 1629 doctrinam
861 1580 994 1630 mortem
1014 1587 1073 1630 vo·

141 1678 309 1744 luntariam
340 1703 405 1746 non
442 1695 568 1745 tautum
600 1703 666 1746 nou
699 1681 847 1763 suasisse,
882 1678 936 1745 sed
968 1703 1074 1744 revera

143 1800 356 1886 improbasse,
392 1825 554 1893 quamque
580 1802 676 1870 Stoici
699 1804 921 1895 praedicarunt
961 1804 1077 1894 εὔλογον

144 1922 294 2014 ἐξαγωγὴν
320 1930 354 1990 in
377 1925 476 1991 solum
496 1927 688 2010 sapientem,
722 1928 780 1993 Dei
797 1926 948 2012 similem,
974 1931 1076 1994 mini-

146 2066 198 2108 me
239 2066 313 2109 vero
350 2043 386 2107 iu
424 2039 562 2126 vulgares
603 2040 746 2110 homines
786 2043 897 2112 cadere
930 2047 1078 2135 potuisse.

147 2160 234 2226 Hinc
264 2181 392 2247 quoque
425 2156 523 2224 Stoici
555 2159 602 2222 usi
631 2176 707 2225 sunt
751 2160 868 2228 leniore
900 2162 1077 2245 vocabulo,

148 2292 185 2371 τῇ
212 2281 320 2371 εὐλόγῳ
346 2279 507 2373 ἐξαγωγῇ,
533 2275 700 2349 eductione
725 2283 866 2350 rationali
886 2306 941 2350 seu
964 2285 1082 2350 abitue
1186 2311 1196 2327 ²

151 2403 214 2469 vita
239 2426 312 2468 cum
332 2402 451 2467 ratione
475 2403 711 2486 consentiente,
735 2418 771 2468 ut
788 2403 894 2468 omnia
915 2401 1080 2468 maliomi-

151 2521 202 2584 nis
237 2544 274 2586 ac
304 2519 482 2584 temeritatis
512 2518 628 2586 indicia
659 2520 700 2584 ab
732 2518 795 2586 hoc
822 2518 959 2586 saeinore
987 2542 1081 2586 aver-

153 2651 280 2717 terent,
317 2634 475 2725 simulque
507 2632 710 2701 ostenderent
742 2634 797 2701 soli
828 2635 982 2726 sapienti,
1017 2636 1084 2727 ipsa

152 2756 221 2840 ejus
254 2754 368 2820 virtute
387 2752 610 2844 periclitante,
646 2778 721 2821 cum
747 2755 867 2821 ratione
890 2771 923 2845 et
958 2753 1086 2822 consilio

153 2895 172 2936 e
197 2872 261 2936 vita
286 2868 396 2936 cedere
418 2870 540 2936 licitum
561 2893 625 2935 esse
645 2867 699 2955 (l.
811 2853 814 2859 ἱ

200 2987 294 3054 Plura
328 2987 439 3078 utique
464 2983 686 3072 distinguenda
708 3002 783 3051 sunt
806 2987 914 3053 mortis
937 2986 1086 3053 volunta·

156 3105 220 3171 riae
251 3128 386 3191 gencra3
424 3102 480 3169 alia
514 3103 599 3168 enim
628 3118 675 3167 est
700 3126 784 3169 mors
819 3125 915 3192 qrram
941 3105 1088 3196 propriae

158 3222 297 3287 miseriae
315 3219 475 3287 finiendae
499 3245 602 3288 caussa
623 3219 733 3311 aliquis
754 3220 814 3286 sibi
842 3222 1007 3302 conscivit,
1031 3220 1086 3288 alia

161 3363 257 3428 quam
294 3340 337 3404 ob
369 3337 494 3403 alterius
515 3320 643 3403 salutem
662 3337 751 3404 obiit.
796 3338 914 3403 Eorum
938 3336 1089 3428 quidem,

162 3456 218 3545 qui
243 3477 360 3548 prore
382 3454 528 3545 publica,
541 3479 613 3547 ¹pro
636 3453 741 3521 amicis
754 3450 795 3541 (²)
818 3471 920 3521 certae
945 3457 1038 3522 morti
1057 3480 1089 3522 se

195 3720 222 3785 (¹)
241 3720 288 3774 Cff.
318 3725 346 3776 P.
376 3718 559 3784 Victorius,
586 3733 640 3774 ver.
665 3719 725 3773 lect.
753 3717 810 3773 Lih.
835 3724 879 3784 vt,
897 3736 920 3773 c.
939 3723 982 3775 11.
1001 3737 1027 3789 p.
1046 3722 1090 3785 82,

159 3816 318 3882 vestim,
347 3817 381 3869 de
409 3817 480 3872 hom,
508 3816 611 3869 etlaes.
632 3813 789 3882 suiipsius,
808 3814 882 3884 Disp.
902 3817 981 3871 theol.
1001 3821 1044 3882 lv,
1064 3835 1091 3886 p.

160 3914 223 3976 245,
241 3911 423 3978 Funccius,
442 3912 474 3964 de
492 3911 642 3965 mosterol.
661 3927 688 3979 p.
707 3915 759 3967 XV.
797 3911 825 3979 (θ)
843 3917 875 3966 D.
892 3915 1092 3980 L.VI1,§130.

163 4013 213 4063 Pro
235 4008 326 4067 amicis
343 4007 511 4064 moriendum
526 4023 583 4062 esse
600 4006 679 4064 etism
696 4006 789 4062 statuit
806 4006 999 4079 Euripidem
1012 4024 1095 4078 quum
