2798 4836
635 477 677 543 35

178 661 328 727 exstitisse
360 658 523 752 quandem
544 661 754 725 maturitatem
776 654 899 724 serendi
914 655 1036 742 generis
1055 655 1122 720 hu·

178 778 281 863 mani3
307 774 396 866 quod
409 827 418 851 ,
433 799 576 866 sparsum
597 777 631 839 in
654 790 750 839 terras
765 787 992 864 atquesatum,
1015 769 1124 838 divino

177 908 306 959 auctum
330 894 370 957 sit
392 893 569 957 animorum
602 912 754 956 muneret
779 911 917 978 cumque
939 886 1015 969 alie,
1046 887 1123 977 qui-

177 1009 236 1073 bus
256 1006 479 1089 cohaererent,
506 1004 649 1072 homines
682 1028 700 1071 e
722 1004 845 1070 mortali
868 1026 980 1091 genere
998 1025 1123 1068 sumse-

176 1123 262 1204 rint,
296 1142 377 1212 quae
409 1117 529 1207 fragilia
550 1135 651 1187 essent
666 1136 700 1186 et
720 1117 862 1195 caduca:
888 1122 1032 1187 animum
1057 1142 1122 1187 esse

176 1241 430 1326 ingeneratum
449 1240 524 1305 Deo.
570 1239 629 1303 Ex·
643 1261 709 1327 quo
731 1260 803 1304 vere
819 1235 868 1304 vel
887 1238 1007 1324 agnatio
1028 1236 1120 1303 nobis

178 1380 252 1422 cum
289 1353 485 1429 coelestibus,
527 1352 575 1419 vel
603 1377 724 1439 genus,
758 1352 806 1420 vel
837 1353 932 1442 stirps
969 1351 1119 1446 appellari

176 1475 315 1563 potest-’³
362 1468 538 1538 Stoicorum
560 1467 640 1536 illud
660 1469 814 1561 placitum
834 1488 974 1563 spectare
994 1467 1119 1539 videtur

177 1584 355 1654 Ovidius
377 1585 445 1674 (ἢκ

198 1727 953 1798 ·ΜΜΜΜΜψΜΜωωΜωὼΘ

247 1831 341 1878 Deerat
358 1825 443 1877 adhuc
454 1818 507 1888 ‚¹et
524 1823 594 1892 quod
613 1823 741 1877 dominari
759 1825 787 1877 in
805 1833 889 1878 cetera
908 1833 1013 1894 posset,
1106 1850 1108 1855 ·

207 1935 210 1943 ·
248 1927 332 1973 Natus
349 1922 426 1972 horno
445 1928 501 1983 est,
521 1919 576 1973 sive
592 1921 663 1973 hunc
680 1919 768 1974 divino
786 1919 887 1973 semine
903 1921 967 1975 feeit

248 2019 294 2071 Ille
312 2017 398 2085 opifex
416 2032 519 2081 rerum,
539 2015 632 2069 mundi
650 2016 767 2069 melioris
783 2016 870 2083 origo:

252 2113 309 2166 Sive
327 2128 418 2166 recens
434 2113 530 2177 tellus,
550 2113 709 2180 seductaque
726 2128 810 2179 nuper
827 2112 861 2165 ab
878 2113 932 2195 alto

184 2214 188 2222 ‘
251 2211 361 2262 Aethere
379 2204 483 2275 cognati
502 2207 633 2284 retinebat
648 2208 749 2261 semina
767 2207 842 2263 coeli.

251 2302 334 2368 Quam
352 2311 426 2356 satus
444 2307 574 2371 Iapeto,
593 2302 702 2355 mistam
719 2290 871 2357 fluvialibus
888 2303 989 2369 undis,

248 2400 336 2454 Finxit
353 2400 380 2453 in
398 2400 511 2468 effigiem
528 2400 709 2453 moderantum
728 2409 822 2453 cuncta
839 2400 957 2457 deorum.

248 2502 383 2565 Pronaque
402 2513 463 2549 cum
481 2503 599 2565 spectent
617 2494 741 2549 animalia
758 2505 843 2550 cetera
860 2505 976 2563 terram

248 2599 284 2646 Os
301 2592 400 2646 homini
418 2592 532 2646 sublime
550 2591 638 2655 dadin
657 2593 812 2662 coelumque
828 2593 896 2646 tueri

248 2687 888 2755 mmmmmmfflmfflmfflm

180 2843 244 2911 sed
284 2845 391 2933 ipsum
424 2842 623 2934 principium
655 2866 747 2928 agens
783 2865 844 2934 per
884 2858 986 2910 toturn
1016 2868 1118 2912 mun-

179 2959 259 3025 dum
289 2958 440 3025 diffusum
472 2975 542 3042 est,
575 2981 715 3047 eumque
751 2939 869 3024 animet
900 2976 933 3025 et
958 2962 1114 3046 eontinet3

179 3075 268 3142 unde
294 3075 431 3141 efficitur
458 3072 616 3139 mundum
638 3096 703 3139 esse
724 3073 836 3139 animal
859 3075 977 3140 ratione
1001 3100 1037 3142 ac
1059 3099 1118 3145 vo-

177 3193 298 3260 luntate
332 3189 522 3282 praeditum.
579 3191 670 3256 Unus
708 3190 749 3254 ab
781 3213 816 3255 ea
844 3192 998 3257 sententia
1020 3195 1115 3260 Bo'e-
1151 3168 1153 3175 ‚

181 3302 274 3374 th'us
296 3307 504 3375 abhorrebau
530 3305 731 3397 reliqui,·ut
747 3303 892 3394 videtur,
921 3308 987 3375 fere
1012 3334 1120 3377 omnes

179 3450 249 3491 enm
270 3425 451 3490 tuebantur.
496 3424 644 3489 Rationes
666 3438 777 3507 erent,
800 3424 917 3513 quibus
942 3442 1116 3503 uterentur,

182 3541 380 3630 complures,
414 3565 512 3630 quas,
548 3555 673 3632 praeter
707 3537 804 3624 aiios,
846 3557 991 3608 accurate
1022 3543 1120 3610 refert

171 3660 321 3735 ‚Cicero
352 3653 394 3746 (²)
436 3680 454 3722 e
486 3658 666 3722 Zenone:
710 3657 814 3745 prime
846 3673 912 3724 est:
969 3658 1118 3749 „Quod

180 3768 300 3843 ratione
333 3774 457 3857 utitur,
491 3771 526 3839 id
557 3771 667 3840 melius
697 3788 769 3856 est,
805 3773 991 3864 quamid,
1029 3774 1117 3869 quod

218 4020 244 4086 (¹)
264 4026 326 4076 Met.
345 4026 365 4084 1,
384 4025 418 4074 76
436 4037 493 4089 sqq.
533 4023 560 4087 p)
579 4026 616 4073 De
633 4026 665 4076 N.
684 4025 715 4074 D.
734 4025 766 4086 11,
785 4026 811 4078 8.
