2798 4836
647 425 685 493 15

194 611 338 682 eundum
361 613 467 705 ipsum
488 613 633 678 exsistens
649 641 658 679 ι
673 656 675 661 ·
693 607 728 674 id
747 624 817 692 est,
841 629 906 674 nou
928 628 1000 673 vero
1023 627 1125 695 pron-

198 745 222 807 ti
255 742 411 809 exsistate
445 765 526 807 eam.
557 735 777 825 (ἀκατάληπτον
816 720 1015 822 φαντασίαν),
1048 751 1129 820 quae

196 883 262 926 non
299 858 413 925 habeat
452 857 655 949 perspicuam
688 852 936 944 impressionem.
1015 847 1126 934 ltaque

196 980 409 1055 καταληπτικαί
452 981 605 1073 φαντασίαι
636 995 712 1046 sunt
744 999 834 1043 verae
856 975 1021 1057 notiones,
1048 992 1129 1060 quae

196 1097 394 1191 respondent
423 1099 469 1164 rei
505 1096 659 1187 tanquam
686 1095 812 1180 signum
841 1087 930 1181 quod
963 1114 1002 1155 ex
1033 1087 1132 1175 sifflllo

198 1229 386 1305 impressum
413 1242 479 1313 est3
517 1219 718 1295 &ustulasses
737 1235 812 1285 sunt
834 1218 951 1302 salsae,
977 1241 1059 1305 quae
1083 1214 1132 1283 vel

198 1368 238 1409 ex
259 1342 344 1408 nullu
365 1366 400 1407 re
422 1342 586 1407 exsistente
607 1353 691 1405 ortae
711 1353 807 1418 sunt,
832 1334 880 1403 vel
899 1351 985 1401 ortae
1000 1330 1133 1423 quidem

200 1485 217 1524 a
249 1484 285 1524 re
313 1460 498 1539 exsistente,
533 1453 588 1522 sed
611 1478 677 1520 uon
698 1453 865 1541 perspicue
888 1451 1046 1542 planeque
1072 1473 1132 1515 ex-

200 1599 332 1669 pressae.
403 1574 542 1641 Sextus
583 1569 927 1667 vem'Ernpirieus
960 1583 1135 1656 utrumque

200 1725 297 1790 genus
332 1697 372 1765 ad
407 1699 565 1795 φαντασίας
591 1719 676 1763 veras
698 1693 818 1776 νείατος
851 1691 905 1759 sed
927 1690 1135 1765 ἀκατάληπτον

200 1825 244 1888 ita
278 1820 417 1905 definit,
455 1839 491 1887 ut
527 1821 612 1888 dicat
638 1843 687 1885 eas
717 1843 805 1900 esse,
841 1842 921 1907 (pue
937 1818 1020 1913 ,κατὰ
1047 1815 1137 1889 ποίθος

203 1948 413 2036 προσπίπτουσι
456 1948 540 2033 τισί,
583 1971 664 2038 quae
702 1971 741 2013 ex
772 1948 868 2013 animi
900 1946 1138 2035 perturbatione

204 2066 381 2148 exsistunt3
419 2064 510 2130 multi
532 2066 640 2147 euim,
674 2064 805 2152 inquit,
829 2062 995 2129 delirantes
1011 2060 1059 2128 vel
1077 2059 1136 2126 fu·

150 2258 154 2267 q
204 2198 307 2246 rentes
326 2183 360 2245 in
383 2205 468 2249 veras
489 2182 582 2246 etiam
605 2181 802 2267 cogitationes
820 2178 990 2263 incidunt3
1013 2176 1070 2244 sed
1083 2194 1136 2243 te·

206 2321 313 2380 mere,
343 2299 386 2363 ita
414 2313 465 2387 ut
492 2317 558 2362 nou
591 2295 685 2363 simul
713 2296 908 2383 intelligant,
941 2320 1021 2387 quae
1051 2317 1140 2363 verae

207 2416 282 2479 sint.

248 2534 369 2601 Verum
404 2530 601 2600 definiebant
638 2536 670 2603 τὸ
706 2537 843 2628 ὑποίρχον
870 2536 919 2602 καί
947 2533 1141 2624 ἀντικείμενον

207 2672 288 2745 τινι,
313 2655 392 2724 illud
415 2657 503 2748 quod
525 2658 664 2740 exsistit,
697 2675 729 2724 et
751 2660 842 2728 alicui
863 2663 1046 2754 oppositum
1070 2677 1136 2727 est:

208 2787 319 2852 falsum
356 2808 411 2850 seu
443 2780 545 2871 ψευδὲς
571 2788 726 2855 contraria
747 2790 888 2870 ratione,
918 2786 950 2852 τὸ
974 2787 1016 2875 μὴ
1040 2785 1144 2875 insip-

209 2934 263 2998 χον
286 2908 336 2975 καί
361 2911 403 2997 μὴ
429 2911 620 2997 ἀντικείμενόν
646 2935 729 2997 τινι,
755 2910 790 2978 id
814 2911 904 3002 quod
930 2938 996 2980 nou
1013 2914 1143 2993 exsistit,

209 3052 314 3117 neque
349 3026 442 3093 alicui
458 3029 655 3118 ‘oppositum
678 3044 734 3095 est.
779 3030 871 3118 Quae
892 3028 1037 3096 definitio
1060 3028 1146 3096 hane

206 3143 306 3210 habet
332 3145 541 3211 sententiam:
573 3167 682 3210 verum
710 3167 774 3210 esse
798 3142 887 3236 quod
907 3167 1013 3210 revera
1045 3145 1143 3211 exsis-

212 3276 282 3343 tat,
314 3262 404 3348 eujus
425 3261 607 3352 oppositum
628 3260 739 3327 salsum
759 3263 821 3345 sit3
854 3259 965 3327 falsum
983 3285 1047 3328 esse
1069 3258 1149 3328 illud

213 3373 303 3467 quod
323 3401 390 3444 nou
407 3377 556 3456 exsistat,
581 3378 735 3467 cujusque
758 3378 939 3467 oppositum
963 3401 1075 3445 verum
1095 3378 1146 3446 sit.

211 3495 336 3563 Verum
371 3516 500 3584 quoque
528 3490 764 3579 distinguebant
798 3520 815 3558 a
852 3495 1001 3577 veritate,
1048 3493 1152 3560 tribus

216 3613 380 3701 partibus:
416 3614 560 3702 primum
578 3615 685 3701 οὐσίᾳ,
716 3615 870 3701 essentia3
896 3640 970 3681 narn
990 3616 1152 3683 veritatem

213 3761 280 3813 ,esse
300 3762 438 3830 eorpus,
461 3764 572 3808 verum
599 3743 845 3831 incorporeum:
873 3726 988 3811 deinde
1009 3732 1151 3829 σνςαίσει,
1181 3780 1184 3784 <

215 3857 465 3944 -eonstitutione3
489 3882 564 3924 nam
586 3861 698 3925 veritas
718 3874 766 3924 est
786 3858 936 3942 seientia,
969 3883 1050 3949 quae
1077 3875 1152 3925 tan-

223 3996 320 4061 quam
351 3997 472 4042 summa
506 3974 727 4067 complectitur
752 3972 856 4042 multa
889 3998 979 4044 vera:
1015 3974 1159 4067 denique
